% -*- coding: utf-8; -*-

%
% in defining strings, we make use of the following prefixes:
%
% + S: --- general strings
% + O: --- organizations 
% + C: --- conferences
% + L: --- addresses
% + E: --- editors
% + J: --- journals
% + P: --- publishers
%
% for some conferences, there is variation in the book titles, e.g. for shared
% tasks, student research workshops, or software demonstration sessions.  use
% at least a few common suffixes, even though the exact title may vary from
% year to year:
%
% + :S --- student research workshop
% + :T --- short papers
% + :P --- poster session (where not part of the main proceedings volume)
% + :U --- shared task
% + :D --- software demonstration (aka interactive presentation)
%
%
% in defining strings, we make use of the following prefixes:
%
% + S: --- general strings
% + O: --- organizations 
% + C: --- conferences
% + L: --- addresses
% + E: --- editors
% + J: --- journals
% + P: --- publishers
%
% for some conferences, there is variation in the book titles, e.g. for shared
% tasks, student research workshops, or software demonstration sessions.  use
% at least a few common suffixes, even though the exact title may vary from
% year to year:
%
% + :S --- student research workshop
% + :T --- short papers
% + :P --- poster session (where not part of the main proceedings volume)
% + :U --- shared task
% + :D --- software demonstration (aka interactive presentation)
%

@preamble{"\providecommand{\fromto}[2]{#1$\,$--$\,$#2}"}
@preamble{"\providecommand{\pages}[3]{#2$\,$--$\,$#3}"}
@preamble{"\providecommand\Beek[1]{\mbox{#1}}"}
@preamble{"\providecommand\Noord[1]{\mbox{#1}}"}
@preamble{"\providecommand\Lohuizen[1]{\mbox{#1}}"}

@string{S:PROCEEDINGS = {Proceedings}}

@string{C:CONLL = {{C}onference on {C}omputational {N}atural {L}anguage {L}earning}}

@string{CONLL:19 = S:PROCEEDINGS # { of the 23nd } # C:CONLL}
@string{CONLL:20 = S:PROCEEDINGS # { of the 24th } # C:CONLL}
@string{CONLL:19:U = S:PROCEEDINGS # { of the Shared Task on
                     Cross-Framework Meaning Representation Parsing
                     at the 2019 } # C:CONLL}
@string{CONLL:20:U = S:PROCEEDINGS # { of the {CoNLL} 2020 {S}hared {T}ask:
                     {C}ross-{F}ramework {M}eaning {R}epresentation {P}arsing}}
@string{L:CONLL:19 = {Hong Kong, China}}
@string{L:CONLL:20 = {Online}}

@inproceedings{Oep:Abe:Abz:20,
  author = {Oepen, Stephan and Abend, Omri and Abzianidze, Lasha and
            Bos, Johan and Haji\v{c}, Jan and Hershcovich, Daniel and
            Li, Bin and O'Gorman, Tim and Xue, Nianwen and Zeman, Daniel},
  title = {{MRP}~2020: {T}he {S}econd {S}hared {T}ask on
           {C}ross-Framework and {C}ross-{L}ingual
           {M}eaning {R}epresentation {P}arsing},
  booktitle = CONLL:20:U,
  address = L:CONLL:20,
  pages = {\pages{--}{1}{22}},
  year = 2020
}

@inproceedings{Abz:Bos:Oep:20,
  author = {Abzianidze, Lasha and Bos, Johan and Oepen, Stephan},
  title = {{DRS} at {MRP}~2020:
           {D}ressing Up {D}iscourse {R}epresentation {S}tructures as Graphs},
  booktitle = CONLL:20:U,
  address = L:CONLL:20,
  pages = {\pages{--}{23}{32}},
  year = 2020
}

@inproceedings{Zem:Haj:20,
  author = {Zeman, Daniel and Haji\v{c}, Jan},
  title = {{FGD} at {MRP}~2020: {P}rague {T}ectogrammatical {G}raphs},
  booktitle = CONLL:20:U,
  address = L:CONLL:20,
  pages = {\pages{--}{33}{39}},
  year = 2020
}

@inproceedings{Oza:Mor:Kor:20,
  author = {Ozaki, Hiroaki and Morio, Gaku and Koreeda, Yuta and
            Morishita, Terufumi and Miyoshi, Toshinori},
  title = {{H}itachi at {MRP}~2020: {T}ext-to-Graph-Notation Transducer},
  booktitle = CONLL:20:U,
  address = L:CONLL:20,
  pages = {\pages{--}{40}{52}},
  year = 2020
}

@inproceedings{Sam:Str:20,
  author = {Samuel, David and Straka, Milan},
  title = {{{\'U}FAL} at {MRP}~2020:
           {P}ermutation-Invariant Semantic Parsing in {PERIN}},
  booktitle = CONLL:20:U,
  address = L:CONLL:20,
  pages = {\pages{--}{53}{64}},
  year = 2020
}

@inproceedings{Dou:Fen:Ji:20,
  author = {Dou, Longxu and Feng, Yunlong and Ji, Yuqiu and
            Che, Wanxiang and Liu, Ting},
  title = {{HIT-SCIR} at {MRP}~2020:
           {T}ransition-Based Parser and Iterative Inference Parser},
  booktitle = CONLL:20:U,
  address = L:CONLL:20,
  pages = {\pages{--}{65}{72}},
  year = 2020
}

@inproceedings{Arv:Cui:Her:20,
  author = {Arviv, Ofir and Cui, Ruixiang and Hershcovich, Daniel},
  title = {{HUJI-KU} at {MRP}~2020: {T}wo Transition-based Neural Parsers},
  booktitle = CONLL:20:U,
  address = L:CONLL:20,
  pages = {\pages{--}{73}{82}},
  year = 2020
}

@inproceedings{Na:Min:20,
  author = {Na, Seung-Hoon and Min, Jinwoo},
  title = {{JBNU} at {MRP}~2020:
           {AMR} Parsing using a Joint State Model for Graph-Sequence Iterative Inference},
  booktitle = CONLL:20:U,
  address = L:CONLL:20,
  pages = {\pages{--}{83}{87}},
  year = 2020
}

@inproceedings{Oep:Abe:Haj:19,
  author = {Oepen, Stephan and Abend, Omri and Haji\v{c}, Jan and
            Hershcovich, Daniel and Kuhlmann, Marco and O'Gorman, Tim and
            Xue, Nianwen and
            Chun, Jayeol and Straka, Milan and Ure\v{s}ov{\'a}, Zde\v{n}ka},
  title = {{MRP}~2019: {C}ross-Framework {M}eaning {R}epresentation {P}arsing},
  booktitle = CONLL:19:U,
  address = L:CONLL:19,
  pages = {\pages{--}{1}{27}},
  year = 2019
}

@inproceedings{Her:Arv:19,
  author = {Hershcovich, Daniel and Arviv, Ofir},
  title = {{TUPA} at {MRP}~2019: {A} Multi-Task Baseline System},
  booktitle = CONLL:19:U,
  address = L:CONLL:19,
  pages = {\pages{--}{28}{39}},
  year = 2019
}

@inproceedings{Oep:Fli:19,
  author = {Oepen, Stephan and Flickinger, Dan},
  title = {The {ERG} at {MRP}~2019: {R}adically Compositional Semantic Dependencies},
  booktitle = CONLL:19:U,
  address = L:CONLL:19,
  pages = {\pages{--}{40}{44}},
  year = 2019
}

@inproceedings{Li:Zha:Zha:19,
  author = {Li, Zuchao and Zhao, Hai and Zhang, Zhuosheng and Wang, Rui
            and Utiyama, Masao and Sumita, Eiichiro},
  title = {{SJTU--NICT} at {MRP}~2019:
           {M}ulti-Task Learning for End-to-End Uniform Semantic Graph Parsing},
  booktitle = CONLL:19:U,
  address = L:CONLL:19,
  pages = {\pages{--}{45}{54}},
  year = 2019
}

@inproceedings{Wan:Liu:Jia:19,
  author = {Wang, Xinyu and Liu, Yixian and Jia, Zixia
            and Jiang, Chengyue and Tu, Kewei},
  title = {{ShanghaiTech} at {MRP}~2019:
           {S}equence-to-Graph Transduction with Second-Order Edge Inference
           for Cross-Framework Meaning Representation Parsing},
  booktitle = CONLL:19:U,
  address = L:CONLL:19,
  pages = {\pages{--}{55}{65}},
  year = 2019
}

@inproceedings{Don:Fow:Gro:19,
  author = {Donatelli, Lucia and Fowlie, Meaghan and Groschwitz, Jonas
            and Koller, Alexander and Lindemann, Matthias
            and Mina, Mario and Wei√üenhorn, Pia},
  title = {Saarland at {MRP}~2019:
           {C}ompositional Parsing across All Graphbanks},
  booktitle = CONLL:19:U,
  address = L:CONLL:19,
  pages = {\pages{--}{66}{75}},
  year = 2019
}

@inproceedings{Che:Dou:Xu:19,
  author = {Che, Wanxiang and Dou, Longxu and Xu, Yang
            and Wang, Yuxuan and Liu, Yijia and Liu, Ting},
  title = {{HIT-SCIR} at {MRP}~2019:
           {A} Unified Pipeline for Meaning Representation Parsing
           via Efficient Training and Effective Encoding},
  booktitle = CONLL:19:U,
  address = L:CONLL:19,
  pages = {\pages{--}{76}{85}},
  year = 2019
}

@inproceedings{Bai:Zha:19,
  author = {Bai, Hongxiao and Zhao, Hai},
  title = {{SJTU} at {MRP}~2019:
           {A} Transition-Based Multi-Task Parser for
           Cross-Framework Meaning Representation Parsing}, 
  booktitle = CONLL:19:U,
  address = L:CONLL:19,
  pages = {\pages{--}{86}{94}},
  year = 2019
}

@inproceedings{Na:Min:Par:19,
  author = {Na, Seung-Hoon and Min, Jinwoo and Park, Kwanghyeon
            and Shin, Jong-Hun and Kim, Young-Kil},
  title = {JBNU at {MRP}~2019:
           {M}ulti-Level Biaffine Attention for Semantic Dependency Parsing},
  booktitle = CONLL:19:U,
  address = L:CONLL:19,
  pages = {\pages{--}{95}{103}},
  year = 2019
}

@inproceedings{Lai:Lo:Leu:19,
  author = {Lai, Sunny and Lo, Chun Hei and Leung, Kwong Sak and Leung, Yee},
  title = {{CUHK} at {MRP}~2019:
            {T}ransition-Based Parser with Cross-Framework Variable-Arity Resolve Action},
  booktitle = CONLL:19:U,
  address = L:CONLL:19,
  pages = {\pages{--}{104}{113}},
  year = 2019
}

@inproceedings{Kor:Mor:Mor:19,
  author = {Koreeda, Yuta and Morio, Gaku and Morishita, Terufumi
            and Ozaki, Hiroaki and Yanai, Kohsuke},
  title = {Hitachi at {MRP}~2019:
           {U}nified Encoder-to-Biaffine Network for
           Cross-Framework Meaning Representation Parsing},
  booktitle = CONLL:19:U,
  address = L:CONLL:19,
  pages = {\pages{--}{114}{126}},
  year = 2019
}

@inproceedings{Str:Str:19,
  author = {Straka, Milan and Strakov{\'a}, Jana},
  title = {{{\'U}FAL MRPipe} at {MRP}~2019:
           {UDPipe} Goes Semantic in the {M}eaning {R}epresentation {P}arsing
           Shared Task},
  booktitle = CONLL:19:U,
  address = L:CONLL:19,
  pages = {\pages{--}{127}{137}},
  year = 2019
}

@inproceedings{Cao:Zha:Sri:19,
  author = {Cao, Jie and Zhang, Yi and Youssef, Adel and Srikumar, Vivek},
  title = {Amazon at {MRP}~2019:
           {P}arsing Meaning Representations
           with Lexical And Phrasal Anchoring},
  booktitle = CONLL:19:U,
  address = L:CONLL:19,
  pages = {\pages{--}{138}{148}},
  year = 2019
}

@inproceedings{Zha:Jia:Xia:19,
  author = {Zhang, Yue and Jiang, Wei and Xia, Qingrong and Cao, Junjie
            and Wang, Rui and Li, Zhenghua and Zhang, Min},
  title = {SUDA--Alibaba at {MRP}~2019:
           {G}raph-Based Models with {BERT}},
  booktitle = CONLL:19:U,
  address = L:CONLL:19,
  pages = {\pages{--}{149}{157}},
  year = 2019
}

@inproceedings{Dro:Kut:Med:19,
  author = {Droganova, Kira and Kutuzov, Andrey and Mediankin, Nikita
            and Zeman, Daniel},
  title = {{{\'U}FAL}--Oslo at {MRP}~2019:
           {G}arage Sale Semantic Parsing},
  booktitle = CONLL:19:U,
  address = L:CONLL:19,
  pages = {\pages{--}{158}{165}},
  year = 2019
}

@inproceedings{Che:Ye:Sun:19,
  author = {Chen, Yufei and Ye, Yajie and Sun, Weiwei},
  title = {Peking at {MRP}~2019:
           {F}actorization- and Composition-Based Parsing
           for {E}lementary {D}ependency {S}tructures},
  booktitle = CONLL:19:U,
  address = L:CONLL:19,
  pages = {\pages{--}{166}{176}},
  year = 2019
}
@inproceedings{lim-etal-2020-i,
    title={I Know What You Asked: Graph Path Learning using {AMR} for Commonsense Reasoning},
    author={Jungwoo Lim and Dongsuk Oh and Yoonna Jang and Kisu Yang and Heuiseok Lim},
    booktitle={Proc. of COLING},
    year={2020},
    url={https://arxiv.org/abs/2011.00766}
}

@inproceedings{xu-etal-2020-incorporate,
    title={Incorporate Semantic Structures into Machine Translation Evaluation via {UCCA}},
    author={Jin Xu and Yinuo Guo and Junfeng Hu},
    booktitle={Proc. of WMT},
    year={2020},
    url={https://arxiv.org/abs/2010.08728}
}

@inproceedings{sulem-etal-2020-semantic,
    title={Semantic Structural Decomposition for Neural Machine Translation},
    author={Elior Sulem and Omri Abend and Ari Rappoport},
    booktitle={Proc. of *SEM},
    year={2020}
}
@inproceedings{koller2019graph,
    title = "Graph-Based Meaning Representations: Design and Processing",
    author = "Koller, Alexander  and
      Oepen, Stephan  and
      Sun, Weiwei",
    booktitle = "Proceedings of the 57th Annual Meeting of the Association for Computational Linguistics: Tutorial Abstracts",
    month = jul,
    year = "2019",
    address = "Florence, Italy",
    publisher = "Association for Computational Linguistics",
    url = "https://www.aclweb.org/anthology/P19-4002",
    doi = "10.18653/v1/P19-4002",
    pages = "6--11",
    abstract = "This tutorial is on representing and processing sentence meaning in the form of labeled directed graphs. The tutorial will (a) briefly review relevant background in formal and linguistic semantics; (b) semi-formally define a unified abstract view on different flavors of semantic graphs and associated terminology; (c) survey common frameworks for graph-based meaning representation and available graph banks; and (d) offer a technical overview of a representative selection of different parsing approaches.",
}

@Book{Dixon:05,
  author = 	 {Dixon, R.M.W.},
  title = 	 {A Semantic Approach to {E}nglish Grammar},
  publisher = 	 {Oxford University Press},
  year = 	 {2005},
  address =      {Oxford},
}

@inproceedings{croft2017linguistic,
  title={Linguistic Typology meets Universal Dependencies.},
  author={Croft, William and Nordquist, Dawn and Looney, Katherine and Regan, Michael},
  booktitle={TLT},
  pages={63--75},
  year={2017}
}

@inproceedings{alvamanchego-etal:2019:easse,
    title = "{EASSE}: {E}asier {A}utomatic {S}entence {S}implification {E}valuation",
    author = "Alva-Manchego, Fernando and Martin, Louis and Scarton, Carolina and Specia, Lucia",
    booktitle = "To Appear in EMNLP-ICJNLP 2019: System Demonstrations",
    month = nov,
    year = "2019",
    address = "Hong Kong, China",
    url = "https://arxiv.org/abs/1908.04567",
}

@phdthesis{kipper2005verbnet,
    title={VerbNet: A broad-coverage, comprehensive verb lexicon},
    author={Schuler, Karin Kipper},
    year={2005},
    school={University of Pennsylvania},
    url={http://verbs.colorado.edu/~kipper/Papers/dissertation.pdf}
}

@article{kiperwasser-goldberg-2016-simple,
    title = "Simple and Accurate Dependency Parsing Using Bidirectional {LSTM} Feature Representations",
    author = "Kiperwasser, Eliyahu  and
      Goldberg, Yoav",
    journal = "Transactions of the Association for Computational Linguistics",
    volume = "4",
    year = "2016",
    url = "https://www.aclweb.org/anthology/Q16-1023",
    doi = "10.1162/tacl_a_00101",
    pages = "313--327",
    abstract = "We present a simple and effective scheme for dependency parsing which is based on bidirectional-LSTMs (BiLSTMs). Each sentence token is associated with a BiLSTM vector representing the token in its sentential context, and feature vectors are constructed by concatenating a few BiLSTM vectors. The BiLSTM is trained jointly with the parser objective, resulting in very effective feature extractors for parsing. We demonstrate the effectiveness of the approach by applying it to a greedy transition-based parser as well as to a globally optimized graph-based parser. The resulting parsers have very simple architectures, and match or surpass the state-of-the-art accuracies on English and Chinese.",
}

@incollection{bohmova2003prague,
  title={The {P}rague dependency treebank},
  author={B{\"o}hmov{\'a}, Alena and Haji{\v{c}}, Jan and Haji{\v{c}}ov{\'a}, Eva and Hladk{\'a}, Barbora},
  booktitle={Treebanks},
  pages={103--127},
      year={2003},
  publisher={Springer},
  url={https://link.springer.com/chapter/10.1007/978-94-010-0201-1_7}
}

@inproceedings{abzianidze2017parallel,
  title={The Parallel Meaning Bank: Towards a Multilingual Corpus of Translations Annotated with Compositional Meaning Representations},
  author={Abzianidze, Lasha and Bjerva, Johannes and Evang, Kilian and Haagsma, Hessel and van Noord, Rik and Ludmann, Pierre and Nguyen, Duc-Duy and Bos, Johan},
  booktitle={Proc. of EACL},
  volume={2},
  pages={242--247},
  year={2017},
  url={http://aclweb.org/anthology/E17-2039}
}


@misc{11234/1-2898,
 title = {Universal Dependencies 2.3 Models for {UDPipe} (2018-11-15)},
 author = {Straka, Milan and Strakov{\'a}, Jana},
 url = {http://hdl.handle.net/11234/1-2898},
 note = {{LINDAT}/{CLARIN} digital library at the Institute of Formal and Applied Linguistics ({{\'U}FAL}), Faculty of Mathematics and Physics, Charles University},
 copyright = {Creative Commons - Attribution-{NonCommercial}-{ShareAlike} 4.0 International ({CC} {BY}-{NC}-{SA} 4.0)},
 year = {2018} }
 
 @inproceedings{zhang2018cross,
  title={Cross-lingual Decompositional Semantic Parsing},
  author={Zhang, Sheng and Ma, Xutai and Rudinger, Rachel and Duh, Kevin and Van Durme, Benjamin},
  booktitle={Proceedings of the 2018 Conference on Empirical Methods in Natural Language Processing},
  pages={1664--1675},
  year={2018},
  url={http://aclweb.org/anthology/D18-1194}
}

@InProceedings{hershcovich2019shared,
  author =  "Hershcovich, Daniel
    and Choshen, Leshem
    and Sulem, Elior
    and Aizenbud, Zohar
    and Rappoport, Ari
    and Abend, Omri",
  title     = {{S}em{E}val 2019 Task 1: Cross-lingual Semantic Parsing with {UCCA}},
  booktitle = {Proc. of SemEval},
  year      = {2019},
  url={https://danielhers.github.io/semeval2019.pdf}
}

@InProceedings{hershcovich2019content,
  author =  "Hershcovich, Daniel
    and Abend, Omri
    and Rappoport, Ari",
  booktitle =   "Proc. of NAACL-HLT",
  title =   "Content Differences in Syntactic and Semantic Representation",
  year =  "2019",
  url="https://danielhers.github.io/divergences.pdf"
}

@article{deng2017translation,
  title={Translation Divergences in Chinese--English Machine Translation: An Empirical Investigation},
  author={Deng, Dun and Xue, Nianwen},
  journal={Computational Linguistics},
  volume={43},
  number={3},
  pages={521--565},
  year={2017},
  publisher={MIT Press}
}

@InProceedings{swayamdipta2016greedy,
  author =  "Swayamdipta, Swabha
    and Ballesteros, Miguel
    and Dyer, Chris
    and Smith, Noah A.",
  title =   "Greedy, Joint Syntactic-Semantic Parsing with Stack {LSTM}s",
  booktitle =   "Proc. of CoNLL",
  year =  "2016",
  pages =   "187--197",
  doi =   "10.18653/v1/K16-1019",
  url =   "http://aclweb.org/anthology/K16-1019"
}

@InProceedings{C18-1233,
  author = 	"Cai, Jiaxun
    and He, Shexia
    and Li, Zuchao
    and Zhao, Hai",
  title = 	"A Full End-to-End Semantic Role Labeler, Syntactic-agnostic Over Syntactic-aware?",
  booktitle = 	"Proc. of COLING",
  year = 	"2018",
  pages = 	"2753--2765",
  url = 	"http://aclweb.org/anthology/C18-1233"
}

@InProceedings{E17-1045,
  author =  "Hartmann, Silvana
    and Kuznetsov, Ilia
    and Martin, Teresa
    and Gurevych, Iryna",
  title =   "Out-of-domain FrameNet Semantic Role Labeling",
  booktitle =   "Proc. of EACL",
  year =  "2017",
  pages =   "471--482",
  url =   "http://aclweb.org/anthology/E17-1045"
}

@InProceedings{N15-1007,
  author =  "Ribeyre, Corentin
    and Villemonte de la Clergerie, Eric
    and Seddah, Djam{\'e}",
  title =   "Because Syntax Does Matter: Improving Predicate-Argument Structures Parsing with Syntactic Features",
  booktitle =   "Proc. of NAACL-HLT",
  year =  "2015",
  pages =   "64--74",
  doi =   "10.3115/v1/N15-1007",
  url =   "http://aclweb.org/anthology/N15-1007"
}

@InProceedings{P18-1192,
  author =  "He, Shexia
    and Li, Zuchao
    and Zhao, Hai
    and Bai, Hongxiao",
  title =   "Syntax for Semantic Role Labeling, To Be, Or Not To Be",
  booktitle =   "Proc. of ACL",
  year =  "2018",
  pages =   "2061--2071",
  url =   "http://aclweb.org/anthology/P18-1192"
}

@InProceedings{strubell2018linguistically,
  author =  "Strubell, Emma
    and Verga, Patrick
    and Andor, Daniel
    and Weiss, David
    and McCallum, Andrew",
  title =   "Linguistically-Informed Self-Attention for Semantic Role Labeling",
  booktitle =   "Proc. of EMNLP",
  year =  "2018",
  pages =   "5027--5038",
  url =   "http://aclweb.org/anthology/D18-1548"
}

@article{stanovsky2016getting,
  title={Getting more out of syntax with {PropS}},
  author={Stanovsky, Gabriel and Ficler, Jessica and Dagan, Ido and Goldberg, Yoav},
  journal={arXiv preprint arXiv:1603.01648},
  year={2016}
}

@Article{reddy2016transforming,
  author =  "Reddy, Siva
    and T{\"a}ckstr{\"o}m, Oscar
    and Collins, Michael
    and Kwiatkowski, Tom
    and Das, Dipanjan
    and Steedman, Mark
    and Lapata, Mirella",
  title =   "Transforming Dependency Structures to Logical Forms for Semantic Parsing",
  journal =   "TACL",
  year =  "2016",
  volume =  "4",
  pages =   "127--141",
  url =   "http://aclweb.org/anthology/Q16-1010"
}

@InProceedings{zhang2017evaluation,
  author =  "Zhang, Sheng
    and Rudinger, Rachel
    and Durme, Benjamin Van",
  title =   "An Evaluation of {P}red{P}att and Open {IE} via Stage 1 Semantic Role Labeling",
  booktitle =   "IWCS",
  year =  "2017",
  url =   "http://aclweb.org/anthology/W17-6944"
}

@inproceedings{Basile:12,
   title     = {Developing a Large Semantically Annotated Corpus},
   author    = {Basile, Valerio and Bos, Johan and Evang, Kilian and
                  Venhuizen, Noortje}, 
   booktitle = {Proc. of LREC},
   year      = {2012},
   pages={3196--3200},
}

@InProceedings{white2016universal,
  author    = {White, Aaron Steven  and  Reisinger, Drew  and  Sakaguchi, Keisuke  and  Vieira, Tim  and  Zhang, Sheng  and  Rudinger, Rachel  and  Rawlins, Kyle  and  Van Durme, Benjamin},
  title     = {Universal Decompositional Semantics on {U}niversal {D}ependencies},
  booktitle = {Proc. of EMNLP},
  year      = {2016},
  pages     = {1713--1723},
  url={http://aclweb.org/anthology/D16-1177}
}

@misc{11234/1-2895,
  title = {Universal Dependencies 2.3},
  author = {Nivre et al., Joakim},
  url = {http://hdl.handle.net/11234/1-2895},
  note = {{LINDAT}/{CLARIN} digital library at the Institute of Formal and Applied Linguistics ({{\'U}FAL}), Faculty of Mathematics and Physics, Charles University},
  copyright = {Licence Universal Dependencies v2.3},
  year = {2018}
}

 @misc{11234/1-2988,
 title = {Universal Dependencies 2.4},
 author = {Nivre et al., Joakim},
 url = {http://hdl.handle.net/11234/1-2988},
 note = {{LINDAT}/{CLARIN} digital library at the Institute of Formal and Applied Linguistics ({{\'U}FAL}), Faculty of Mathematics and Physics, Charles University},
 copyright = {Licence Universal Dependencies v2.4},
 year = {2019} }


@article{bies2012english,
  title={English web treebank},
  author={Bies, Ann and Mott, Justin and Warner, Colin and Kulick, Seth},
  journal={Linguistic Data Consortium, Philadelphia, PA},
  year={2012},
  url={https://catalog.ldc.upenn.edu/LDC2012T13}
}

@InProceedings{N18-1104,
  author =  "Damonte, Marco
    and Cohen, Shay B.",
  title =   "Cross-Lingual Abstract Meaning Representation Parsing",
  booktitle =   "Proc. of NAACL-HLT",
  year =  "2018",
  pages =   "1146--1155",
  doi =   "10.18653/v1/N18-1104",
  url =   "http://aclweb.org/anthology/N18-1104"
}

@InProceedings{W17-7306,
  author =  "van Noord, Rik
    and Bos, Johan",
  title =   "Dealing with Co-reference in Neural Semantic Parsing",
  booktitle =   "Proc. of SemDeep",
  year =  "2017",
  pages =   "41--49",
  url =   "http://aclweb.org/anthology/W17-7306"
}

@InProceedings{swayamdipta2018syntactic,
  author =  "Swayamdipta, Swabha
    and Thomson, Sam
    and Lee, Kenton
    and Zettlemoyer, Luke
    and Dyer, Chris
    and Smith, Noah A.",
  title =   "Syntactic Scaffolds for Semantic Structures",
  booktitle =   "Proc. of EMNLP",
  year =  "2018",
  pages =   "3772--3782",
  url =   "http://aclweb.org/anthology/D18-1412"
}

@inproceedings{przepiorkowski2018arguments,
  title={Arguments and adjuncts in Universal Dependencies},
  author={Przepi{\'o}rkowski, Adam and Patejuk, Agnieszka},
  booktitle={Proc. of COLING},
  pages={3837--3852},
  year={2018}
}

@inproceedings{vauquois1968survey,
  title={A survey of formal grammars and algorithms for recognition and transformation in mechanical translation.},
  author={Vauquois, Bernard},
  booktitle={IFIP Congress (2)},
  volume={68},
  pages={1114--1122},
  year={1968}
}

@InProceedings{zeman-EtAl:2018:K18-2,
  author    = {Zeman, Daniel  and  Haji{\v{c}}, Jan  and  Popel, Martin  and  Potthast, Martin  and  Straka, Milan  and  Ginter, Filip  and  Nivre, Joakim  and  Petrov, Slav},
  title     = {{CoNLL} 2018 Shared Task: Multilingual Parsing from Raw Text to Universal Dependencies},
  booktitle = {Proc. of {CoNLL} UD Shared Task},
  month     = {October},
  year      = {2018},
  pages     = {1--21},
  url       = {http://www.aclweb.org/anthology/K18-2001}
}

@InProceedings{che-EtAl:2018:K18-2,
  author    = {Che, Wanxiang  and  Liu, Yijia  and  Wang, Yuxuan  and  Zheng, Bo  and  Liu, Ting},
  title     = {Towards Better {UD} Parsing: Deep Contextualized Word Embeddings, Ensemble, and Treebank Concatenation},
  booktitle = {Proc. of {CoNLL} UD Shared Task},
  month     = {October},
  year      = {2018},
  pages     = {55--64},
  url       = {http://www.aclweb.org/anthology/K18-2005}
}

@InProceedings{P18-2077,
  author = 	"Dozat, Timothy
    and Manning, Christopher D.",
  title = 	"Simpler but More Accurate Semantic Dependency Parsing",
  booktitle = 	"Proc. of ACL",
  year = 	"2018",
  pages = 	"484--490",
  url = 	"http://aclweb.org/anthology/P18-2077"
}

@InProceedings{P18-1249,
  author = 	"Kitaev, Nikita
    and Klein, Dan",
  title = 	"Constituency Parsing with a Self-Attentive Encoder",
  booktitle = 	"Proc. of ACL",
  year = 	"2018",
  pages = 	"2676--2686",
  url = 	"http://aclweb.org/anthology/P18-1249"
}

@article{nothman2013learning,
  title={Learning multilingual named entity recognition from Wikipedia},
  author={Nothman, Joel and Ringland, Nicky and Radford, Will and Murphy, Tara and Curran, James R},
  journal={Artificial Intelligence},
  volume={194},
  pages={151--175},
  year={2013},
  publisher={Elsevier}
}

@InProceedings{L14-1067,
  author = 	"Silveira, Natalia
    and Dozat, Timothy
    and Marneffe, Marie-Catherine de
    and Bowman, Samuel
    and Connor, Miriam
    and Bauer, John
    and Manning, Chris",
  title = 	"A Gold Standard Dependency Corpus for {E}nglish",
  booktitle = 	"Proc. of LREC",
  year = 	"2014",
  url = 	"http://www.aclweb.org/anthology/L14-1067"
}

@InProceedings{hershcovich2018universal,
  author    = {Hershcovich, Daniel  and  Abend, Omri  and  Rappoport, Ari},
  title     = {Universal Dependency Parsing with a General Transition-Based {DAG} Parser},
  booktitle = 	"Proc. of CoNLL",
  year      = {2018},
  organization = {To appear}}

  @InProceedings{reddy2017universal,
    author = 	"Reddy, Siva
      and T{\"a}ckstr{\"o}m, Oscar
      and Petrov, Slav
      and Steedman, Mark
      and Lapata, Mirella",
    title = 	"Universal Semantic Parsing",
    booktitle = 	"Proc. of EMNLP",
    year = 	"2017",
    pages = 	"89--101",
    url = 	"http://aclweb.org/anthology/D17-1009"
  }

@inproceedings{conll2018UDSToverview,
  author    = {Zeman, Daniel and Haji{\v{c}}, Jan and Popel, Martin and
    Potthast, Martin and Straka, Milan and Ginter, Filip and Nivre, Joakim and Petrov, Slav},
  title     = {{CoNLL 2018 Shared Task: Multilingual Parsing from Raw
    Text to Universal Dependencies}},
  booktitle = {Proceedings of the CoNLL 2018 Shared Task: Multilingual
    Parsing from Raw Text to Universal Dependencies},
  month     = {October},
  year      = {2018},
  pages     = {1-20},
  address   = {Brussels, Belgium},
  publisher = {Association for Computational Linguistics},
  isbn      = {978-1-948087-82-7}
}

@inproceedings{udst:overview2017,
  author = {Zeman, Daniel and Popel, Martin and Straka, Milan and Haji{\v{c}}, Jan and Nivre, Joakim and Ginter, Filip and Luotolahti, Juhani and Pyysalo, Sampo and Petrov, Slav and Potthast, Martin and Tyers, Francis and Badmaeva, Elena and G{\"{o}}k{\i}rmak, Memduh and Nedoluzhko, Anna and Cinkov{\'{a}}, Silvie and Haji{\v{c}} jr., Jan and Hlav{\'{a}}{\v{c}}ov{\'{a}}, Jaroslava and Kettnerov{\'{a}}, V{\'{a}}clava and Ure{\v{s}}ov{\'{a}}, Zde{\v{n}}ka and Kanerva, Jenna and Ojala, Stina and Missil{\"{a}}, Anna and Manning, Christopher and Schuster, Sebastian and Reddy, Siva and Taji, Dima and Habash, Nizar and Leung, Herman and de Marneffe, Marie-Catherine and Sanguinetti, Manuela and Simi, Maria and Kanayama, Hiroshi and de Paiva, Valeria and Droganova, Kira and Mart{\'{\i}}nez Alonso, H{\'{e}}ctor and {\c{C}}{\"{o}}ltekin, {\c{C}}a{\u{g}}r{\i} and Sulubacak, Umut and Uszkoreit, Hans and Macketanz, Vivien and Burchardt, Aljoscha and Harris, Kim and Marheinecke, Katrin and Rehm, Georg and Kayadelen, Tolga and Attia, Mohammed and Elkahky, Ali and Yu, Zhuoran and Pitler, Emily and Lertpradit, Saran and Mandl, Michael and Kirchner, Jesse and Fernandez Alcalde, Hector and Strnadova, Jana and Banerjee, Esha and Manurung, Ruli and Stella, Antonio and Shimada, Atsuko and Kwak, Sookyoung and Mendon{\c{c}}a, Gustavo and Lando, Tatiana and Nitisaroj, Rattima and Li, Josie},
  title     = {{CoNLL 2017 Shared Task: Multilingual Parsing from Raw Text to Universal Dependencies}},
  booktitle = {{Proceedings of the CoNLL 2017 Shared Task: Multilingual Parsing from Raw Text to Universal Dependencies}},
  pages={1--19},
  publisher = {Association for Computational Linguistics},
  address  = {Vancouver, Canada},
  year      = {2017}
}

@inproceedings{nivre17udw,
  author = {Nivre, Joakim and Fang, Chiao-Ting},
  year = {2017},
  title = {Universal Dependency Evaluation},
  booktitle = {Proceedings of the NoDaLiDa 2017 Workshop on Universal Dependencies (UDW 2017)},
  pages = {86--95}
}

@inproceedings{udpipe,
  author    = {Straka, Milan and Haji\v{c}, Jan and Strakov\'{a}, Jana},
  year      = {2016},
  title     = {{UDPipe:} Trainable Pipeline for Processing {CoNLL-U} Files
    Performing Tokenization, Morphological Analysis, {POS} Tagging and Parsing},
  booktitle = {Proceedings of the 10th International Conference on Language Resources and Evaluation ({LREC} 2016)},
  address   = {Portoro≈æ, Slovenia},
  publisher = {European Language Resources Association},
  isbn      = {978-2-9517408-9-1}
}

@inproceedings{tira,
  author = {Martin Potthast and Tim Gollub and Francisco Rangel and Paolo Rosso and Efstathios Stamatatos and Benno Stein},
  title={Improving the Reproducibility of {PAN}'s Shared Tasks: Plagiarism Detection, Author Identification, and Author Profiling},
  booktitle={Information Access Evaluation meets Multilinguality, Multimodality, and Visualization. 5th International Conference of the {CLEF} Initiative ({CLEF} 14)},
  editor    = {Evangelos Kanoulas and Mihai Lupu and Paul Clough and Mark Sanderson and Mark Hall and Allan Hanbury and Elaine Toms},
  pages={268--299},
  year={2014},
  doi       = {10.1007/978-3-319-11382-1\_{}22},
  isbn      = {978-3-319-11381-4},
  month     = sep,
  pages     = {268-299},
  publisher = {Springer},
  address   = {Berlin Heidelberg New York}
}


@misc{11234/1-2837,
  title = {Universal Dependencies 2.2},
  author = {Nivre, Joakim and Abrams, Mitchell and Agi{\'c}, {\v Z}eljko and Ahrenberg, Lars and Antonsen, Lene and Aranzabe, Maria Jesus and Arutie, Gashaw and Asahara, Masayuki and Ateyah, Luma and Attia, Mohammed and Atutxa, Aitziber and Augustinus, Liesbeth and Badmaeva, Elena and Ballesteros, Miguel and Banerjee, Esha and Bank, Sebastian and Barbu Mititelu, Verginica and Bauer, John and Bellato, Sandra and Bengoetxea, Kepa and Bhat, Riyaz Ahmad and Biagetti, Erica and Bick, Eckhard and Blokland, Rogier and Bobicev, Victoria and B{\"o}rstell, Carl and Bosco, Cristina and Bouma, Gosse and Bowman, Sam and Boyd, Adriane and Burchardt, Aljoscha and Candito, Marie and Caron, Bernard and Caron, Gauthier and Cebiro{\u g}lu Eryi{\u g}it, G{\"u}l{\c s}en and Celano, Giuseppe G. A. and Cetin, Savas and Chalub, Fabricio and Choi, Jinho and Cho, Yongseok and Chun, Jayeol and Cinkov{\'a}, Silvie and Collomb, Aur{\'e}lie and {\c C}{\"o}ltekin, {\c C}a{\u g}r{\i} and Connor, Miriam and Courtin, Marine and Davidson, Elizabeth and de Marneffe, Marie-Catherine and de Paiva, Valeria and Diaz de Ilarraza, Arantza and Dickerson, Carly and Dirix, Peter and Dobrovoljc, Kaja and Dozat, Timothy and Droganova, Kira and Dwivedi, Puneet and Eli, Marhaba and Elkahky, Ali and Ephrem, Binyam and Erjavec, Toma{\v z} and Etienne, Aline and Farkas, Rich{\'a}rd and Fernandez Alcalde, Hector and Foster, Jennifer and Freitas, Cl{\'a}udia and Gajdo{\v s}ov{\'a}, Katar{\'{\i}}na and Galbraith, Daniel and Garcia, Marcos and G{\"a}rdenfors, Moa and Gerdes, Kim and Ginter, Filip and Goenaga, Iakes and Gojenola, Koldo and G{\"o}k{\i}rmak, Memduh and Goldberg, Yoav and G{\'o}mez Guinovart, Xavier and Gonz{\'a}les Saavedra, Berta and Grioni, Matias and Gr{\=u}z{\={\i}}tis, Normunds and Guillaume, Bruno and Guillot-Barbance, C{\'e}line and Habash, Nizar and Haji{\v c}, Jan and Haji{\v c} jr., Jan and H{\`a} M{\~y}, Linh and Han, Na-Rae and Harris, Kim and Haug, Dag and Hladk{\'a}, Barbora and Hlav{\'a}{\v c}ov{\'a}, Jaroslava and Hociung, Florinel and Hohle, Petter and Hwang, Jena and Ion, Radu and Irimia, Elena and Jel{\'{\i}}nek, Tom{\'a}{\v s} and Johannsen, Anders and J{\o}rgensen, Fredrik and Ka{\c s}{\i}kara, H{\"u}ner and Kahane, Sylvain and Kanayama, Hiroshi and Kanerva, Jenna and Kayadelen, Tolga and Kettnerov{\'a}, V{\'a}clava and Kirchner, Jesse and Kotsyba, Natalia and Krek, Simon and Kwak, Sookyoung and Laippala, Veronika and Lambertino, Lorenzo and Lando, Tatiana and Larasati, Septina Dian and Lavrentiev, Alexei and Lee, John and L{\^e} H{\`{\^o}}ng, Ph∆∞∆°ng and Lenci, Alessandro and Lertpradit, Saran and Leung, Herman and Li, Cheuk Ying and Li, Josie and Li, Keying and Lim, {KyungTae} and Ljube{\v s}i{\'c}, Nikola and Loginova, Olga and Lyashevskaya, Olga and Lynn, Teresa and Macketanz, Vivien and Makazhanov, Aibek and Mandl, Michael and Manning, Christopher and Manurung, Ruli and M{\u a}r{\u a}nduc, C{\u a}t{\u a}lina and Mare{\v c}ek, David and Marheinecke, Katrin and Mart{\'{\i}}nez Alonso, H{\'e}ctor and Martins, Andr{\'e} and Ma{\v s}ek, Jan and Matsumoto, Yuji and {McDonald}, Ryan and Mendon{\c c}a, Gustavo and Miekka, Niko and Missil{\"a}, Anna and Mititelu, C{\u a}t{\u a}lin and Miyao, Yusuke and Montemagni, Simonetta and More, Amir and Moreno Romero, Laura and Mori, Shinsuke and Mortensen, Bjartur and Moskalevskyi, Bohdan and Muischnek, Kadri and Murawaki, Yugo and M{\"u}{\"u}risep, Kaili and Nainwani, Pinkey and Navarro Hor{\~n}iacek, Juan Ignacio and Nedoluzhko, Anna and Ne{\v s}pore-B{\=e}rzkalne, Gunta and Nguy{\~{\^e}}n Th{\d i}, L∆∞∆°ng and Nguy{\~{\^e}}n Th{\d i} Minh, Huy{\`{\^e}}n and Nikolaev, Vitaly and Nitisaroj, Rattima and Nurmi, Hanna and Ojala, Stina and Ol{\'u}{\`o}kun, Ad{\'e}day{\d o}ÃÄ and Omura, Mai and Osenova, Petya and {\"O}stling, Robert and {\O}vrelid, Lilja and Partanen, Niko and Pascual, Elena and Passarotti, Marco and Patejuk, Agnieszka and Peng, Siyao and Perez, Cenel-Augusto and Perrier, Guy and Petrov, Slav and Piitulainen, Jussi and Pitler, Emily and Plank, Barbara and Poibeau, Thierry and Popel, Martin and Pretkalni{\c n}a, Lauma and Pr{\'e}vost, Sophie and Prokopidis, Prokopis and Przepi{\'o}rkowski, Adam and Puolakainen, Tiina and Pyysalo, Sampo and R{\"a}{\"a}bis, Andriela and Rademaker, Alexandre and Ramasamy, Loganathan and Rama, Taraka and Ramisch, Carlos and Ravishankar, Vinit and Real, Livy and Reddy, Siva and Rehm, Georg and Riessler, Michael and Rinaldi, Larissa and Rituma, Laura and Rocha, Luisa and Romanenko, Mykhailo and Rosa, Rudolf and Rovati, Davide and Ro»ôca, Valentin and Rudina, Olga and Sadde, Shoval and Saleh, Shadi and Samard{\v z}i{\'c}, Tanja and Samson, Stephanie and Sanguinetti, Manuela and Saul{\={\i}}te, Baiba and Sawanakunanon, Yanin and Schneider, Nathan and Schuster, Sebastian and Seddah, Djam{\'e} and Seeker, Wolfgang and Seraji, Mojgan and Shen, Mo and Shimada, Atsuko and Shohibussirri, Muh and Sichinava, Dmitry and Silveira, Natalia and Simi, Maria and Simionescu, Radu and Simk{\'o}, Katalin and {\v S}imkov{\'a}, M{\'a}ria and Simov, Kiril and Smith, Aaron and Soares-Bastos, Isabela and Stella, Antonio and Straka, Milan and Strnadov{\'a}, Jana and Suhr, Alane and Sulubacak, Umut and Sz{\'a}nt{\'o}, Zsolt and Taji, Dima and Takahashi, Yuta and Tanaka, Takaaki and Tellier, Isabelle and Trosterud, Trond and Trukhina, Anna and Tsarfaty, Reut and Tyers, Francis and Uematsu, Sumire and Ure{\v s}ov{\'a}, Zde{\v n}ka and Uria, Larraitz and Uszkoreit, Hans and Vajjala, Sowmya and van Niekerk, Daniel and van Noord, Gertjan and Varga, Viktor and Vincze, Veronika and Wallin, Lars and Washington, Jonathan North and Williams, Seyi and Wir{\'e}n, Mats and Woldemariam, Tsegay and Wong, Tak-sum and Yan, Chunxiao and Yavrumyan, Marat M. and Yu, Zhuoran and {\v Z}abokrtsk{\'y}, Zden{\v e}k and Zeldes, Amir and Zeman, Daniel and Zhang, Manying and Zhu, Hanzhi},
  url = {http://hdl.handle.net/11234/1-2837},
  note = {{LINDAT}/{CLARIN} digital library at the Institute of Formal and Applied Linguistics ({{\'U}FAL}), Faculty of Mathematics and Physics, Charles University},
  copyright = {Licence Universal Dependencies v2.2},
  year = {2018} }

  @InProceedings{lyu2018amr,
    author = 	"Lyu, Chunchuan
      and Titov, Ivan",
    title = 	"AMR Parsing as Graph Prediction with Latent Alignment",
    booktitle = 	"Proc. of ACL",
    year = 	"2018",
    pages = 	"397--407",
    url = 	"http://aclweb.org/anthology/P18-1037"
  }


@InProceedings{vilares2018transition,
  author    = {Vilares, David and G\'omez-Rodr\'iguez, Carlos},
  title     = {A Transition-based Algorithm for Unrestricted {AMR} Parsing},
  booktitle = {Proc. of NAACL-HLT},
  year      = {2018},
  url       = {http://www.grupolys.org/biblioteca/VilGom2018a.pdf}
}

@InProceedings{szubert2018structured,
  author    = {Szubert, Ida and Lopez, Adam and Schneider, Nathan},
  title     = {A Structured Syntax-Semantics Interface for {E}nglish-{AMR} Alignment},
  booktitle = {Proc. of NAACL-HLT},
  year      = {2018},
  organization = {To appear},
  url = {http://people.cs.georgetown.edu/nschneid/p/amr2dep.pdf}
}

@InProceedings{Peng-EtAl:2018:NAACL,
  author    = {Peng, Hao  and  Thomson, Sam  and  Swayamdipta, Swabha  and  Smith, Noah A.},
  title     = {Learning Joint Semantic Parsers from Disjoint Data},
  booktitle = {Proc. of NAACL-HLT},
  year      = {2018},
  url       = {http://samthomson.com/papers/peng+etal.naacl2018.pdf}
}

@InProceedings{udpipe:2017,
  author    = {Straka, Milan  and  Strakov\'{a}, Jana},
  title     = {Tokenizing, {POS} Tagging, Lemmatizing and Parsing {UD} 2.0 with {UDPipe}},
  booktitle = {Proceedings of the CoNLL 2017 Shared Task: Multilingual Parsing from Raw Text to Universal Dependencies},
  month     = {August},
  year      = {2017},
  address   = {Vancouver, Canada},
  publisher = {Association for Computational Linguistics},
  pages     = {88--99},
  url       = {http://www.aclweb.org/anthology/K/K17/K17-3009.pdf}
}

@InProceedings{hershcovich2018multitask,
  author    = {Hershcovich, Daniel  and  Abend, Omri  and  Rappoport, Ari},
  title     = {Multitask Parsing Across Semantic Representations},
  booktitle = {Proc. of ACL},
  year      = {2018},
  pages     = "373--385",
  url       = {http://aclweb.org/anthology/P18-1035}}

  @inproceedings{velldal2017joint,
    title={Joint UD Parsing of Norwegian Bokm{\aa}l and Nynorsk},
    author={Velldal, Erik and {\O}vrelid, Lilja and Hohle, Petter},
    booktitle={Proc. of NoDaLiDa},
    number={131},
    pages={1--10},
    year={2017},
    url={http://www.ep.liu.se/ecp/131/001/ecp17131001.pdf}
  }

@inproceedings{de2017old,
  title={Old School vs. New School: Comparing Transition-Based Parsers with and without Neural Network Enhancement},
  author={de Lhoneux, Miryam and Stymne, Sara and Nivre, Joakim},
  booktitle={Proc. of TLT},
  pages={99--110},
  year={2017},
  url={http://ceur-ws.org/Vol-1779/08delhoneux.pdf}
}

@inproceedings{xue2004calibrating,
  title={Calibrating features for semantic role labeling},
  author={Xue, Nianwen and Palmer, Martha},
  booktitle={Proceedings of the 2004 Conference on Empirical Methods in Natural Language Processing},
  year={2004}
}

@inproceedings{wang2017getting,
  title={Getting the Most out of {AMR} Parsing},
  author={Wang, Chuan and Xue, Nianwen},
  booktitle={Proc. of EMNLP},
  pages={1257--1268},
  year={2017},
  url={http://www.aclweb.org/anthology/D17-1129}
}


@article{snacs-guidelines,
	title = {Adposition and {C}ase {S}upersenses v2.3: {G}uidelines for {E}nglish},
	url = {http://arxiv.org/abs/1704.02134},
	journal = {{arXiv}:1704.02134 [cs]},
	author = {Schneider, Nathan and Hwang, Jena D. and Bhatia, Archna and Srikumar, Vivek and Han, {Na-Rae} and {O'Gorman}, Tim and Moeller, Sarah R. and Abend, Omri and Shalev, Adi and Blodgett, Austin and Prange, Jakob},
	month = aug,
	year = {2019},
	note = {{arXiv}: 1704.02134}
}

@InProceedings{blodgett2018semantic,
  title={Semantic Supersenses for {E}nglish Possessives},
  author={Blodgett, Austin and Schneider, Nathan},
  booktitle = {Proc. of LREC},
  year = {2018},
  url={http://people.cs.georgetown.edu/nschneid/p/gensuper.pdf}
}

@InProceedings{berg2012empirical,
  author = 	"Berg-Kirkpatrick, Taylor
    and Burkett, David
    and Klein, Dan",
  title = 	"An Empirical Investigation of Statistical Significance in {NLP}",
  booktitle = 	"Proc. of EMNLP-CoNLL",
  year = 	"2012",
  pages = 	"995--1005",
  url = 	"http://www.aclweb.org/anthology/D12-1091"
}

@inproceedings{Rush2012ImprovedPA,
  title={Improved Parsing and POS Tagging Using Inter-Sentence Consistency Constraints},
  author={Alexander M. Rush and Roi Reichart and Michael Collins and Amir Globerson},
  booktitle={Proc of. EMNLP-CoNLL},
  year={2012}
}

@InProceedings{Finkel2009JointPA,
  author = 	"Finkel, Jenny Rose
    and Manning, Christopher D.",
  title = 	"Joint Parsing and Named Entity Recognition",
  booktitle = 	"Proc. of NAACL-HLT",
  year = 	"2009",
  pages = 	"326--334",
  url = 	"http://www.aclweb.org/anthology/N09-1037"
}

@InProceedings{Plank2011EffectiveMO,
  author = 	"Plank, Barbara
    and van Noord, Gertjan",
  title = 	"Effective Measures of Domain Similarity for Parsing",
  booktitle = 	"Proc. of ACL-HLT",
  year = 	"2011",
  pages = 	"1566--1576",
  url = 	"http://www.aclweb.org/anthology/P11-1157"
}

@InProceedings{Buys2017RobustIN,
  author = 	"Buys, Jan
    and Blunsom, Phil",
  title = 	"Robust Incremental Neural Semantic Graph Parsing",
  booktitle = 	"Proc. of ACL",
  year = 	"2017",
  pages = 	"1215--1226",
  doi = 	"10.18653/v1/P17-1112",
  url = 	"http://www.aclweb.org/anthology/P17-1112"
}

@InProceedings{Konstas2017NeuralAS,
  author = 	"Konstas, Ioannis
    and Iyer, Srinivasan
    and Yatskar, Mark
    and Choi, Yejin
    and Zettlemoyer, Luke",
  title = 	"Neural {AMR}: Sequence-to-Sequence Models for Parsing and Generation",
  booktitle = 	"Proc. of ACL",
  year = 	"2017",
  pages = 	"146--157",
  doi = 	"10.18653/v1/P17-1014",
  url = 	"http://www.aclweb.org/anthology/P17-1014"
}

@InProceedings{Gildea2017AddressingTD,
  author = 	"Peng, Xiaochang
    and Wang, Chuan
    and Gildea, Daniel
    and Xue, Nianwen",
  title = 	"Addressing the Data Sparsity Issue in Neural {AMR} Parsing",
  booktitle = 	"Proc. of EACL",
  year = 	"2017",
  pages = 	"366--375",
  url = 	"http://aclweb.org/anthology/E17-1035"
}

@InProceedings{barzdins2016riga,
  author = 	"Barzdins, Guntis and Gosko, Didzis",
  title = 	"{RIGA} at {S}em{E}val-2016 Task 8: Impact of {S}match Extensions and Character-Level Neural Translation on {AMR} Parsing Accuracy",
  booktitle = 	"Proc. of SemEval",
  year = 	"2016",
  pages = 	"1143--1147",
  doi = 	"10.18653/v1/S16-1176",
  url = 	"http://www.aclweb.org/anthology/S16-1176"
}

@inproceedings{sutskever2014sequence,
  title={Sequence to sequence learning with neural networks},
  author={Sutskever, Ilya and Vinyals, Oriol and Le, Quoc V},
  booktitle={Advances in neural information processing systems},
  pages={3104--3112},
  year={2014}
}

@InProceedings{may2016semeval,
  author = 	"May, Jonathan",
  title = 	"Sem{E}val-2016 Task 8: Meaning Representation Parsing",
  booktitle = 	"Proc. of SemEval",
  year = 	"2016",
  pages = 	"1063--1073",
  doi = 	"10.18653/v1/S16-1166",
  url = 	"http://www.aclweb.org/anthology/S16-1166"
}

@InProceedings{baucom2013domain,
  author = 	"Baucom, Eric
    and King, Levi
    and K{\"u}bler, Sandra",
  title = 	"Domain Adaptation for Parsing",
  booktitle = 	"Proc. of RANLP",
  year = 	"2013",
  pages = 	"56--64",
  url = 	"http://www.aclweb.org/anthology/R13-1008"
}

@InProceedings{mcclosky2010automatic,
  author = 	"McClosky, David
    and Charniak, Eugene
    and Johnson, Mark",
  title = 	"Automatic Domain Adaptation for Parsing",
  booktitle = 	"Proc. of NAACL-HLT",
  year = 	"2010",
  pages = 	"28--36",
  url = 	"http://www.aclweb.org/anthology/N10-1004"
}

@inproceedings{DBLP:conf/aaai/Roth17,
  author    = {Dan Roth},
  title     = {Incidental Supervision: Moving beyond Supervised Learning},
  booktitle = {{AAAI}},
  pages     = {4885--4890},
  publisher = {{AAAI} Press},
  year      = {2017}
}

@InProceedings{duong2017multilingual,
  author = 	"Duong, Long
    and Afshar, Hadi
    and Estival, Dominique
    and Pink, Glen
    and Cohen, Philip
    and Johnson, Mark",
  title = 	"Multilingual Semantic Parsing And Code-Switching",
  booktitle = 	"Proc. of CoNLL",
  year = 	"2017",
  pages = 	"379--389",
  doi = 	"10.18653/v1/K17-1038",
  url = 	"http://www.aclweb.org/anthology/K17-1038"
}

@InProceedings{W17-2607,
  author = 	"Fan, Xing
    and Monti, Emilio
    and Mathias, Lambert
    and Dreyer, Markus",
  title = 	"Transfer Learning for Neural Semantic Parsing",
  booktitle = 	"Proc. of Workshop on Representation Learning for NLP",
  year = 	"2017",
  pages = 	"48--56",
  url = 	"http://aclweb.org/anthology/W17-2607"
}

@InProceedings{herzig-berant:2017:Short,
  author    = {Herzig, Jonathan  and  Berant, Jonathan},
  title     = {Neural Semantic Parsing over Multiple Knowledge-bases},
  booktitle = {Proc. of ACL},
  month     = {July},
  year      = {2017},
  pages     = {623--628},
  url       = {http://aclweb.org/anthology/P17-2098}
}

@InProceedings{P15-1166,
  author = 	"Dong, Daxiang
    and Wu, Hua
    and He, Wei
    and Yu, Dianhai
    and Wang, Haifeng",
  title = 	"Multi-Task Learning for Multiple Language Translation",
  booktitle = 	"Proc. of ACL-IJCNLP",
  year = 	"2015",
  pages = 	"1723--1732",
  doi = 	"10.3115/v1/P15-1166",
  url = 	"http://www.aclweb.org/anthology/P15-1166"
}

@InProceedings{D17-1134,
  author = 	"Lan, Man
    and Wang, Jianxiang
    and Wu, Yuanbin
    and Niu, Zheng-Yu
    and Wang, Haifeng",
  title = 	"Multi-task Attention-based Neural Networks for Implicit Discourse Relationship Representation and Identification",
  booktitle = 	"Proc. of EMNLP",
  year = 	"2017",
  pages = 	"1299--1308",
  url = 	"http://aclweb.org/anthology/D17-1134"
}

@article{caruana1998multitask,
  author = {Caruana, Rich},
  doi = {10.1023/A:1007379606734},
  issn = {1573-0565},
  journal = {Machine Learning},
  month = {jul},
  number = {1},
  pages = {41--75},
  title = {{Multitask Learning}},
  url = {https://doi.org/10.1023/A:1007379606734},
  volume = {28},
  year = {1997}
}

@InProceedings{lluis2008joint,
  author = 	"Llu{\'i}s, Xavier
    and M{\`a}rquez, Llu{\'i}s",
  title = 	"A Joint Model for Parsing Syntactic and Semantic Dependencies",
  booktitle = 	"Proc. of CoNLL",
  year = 	"2008",
  pages = 	"188--192",
  url = 	"http://www.aclweb.org/anthology/W08-2124"

}

@InProceedings{D15-1169,
  author = 	"Lewis, Mike
    and He, Luheng
    and Zettlemoyer, Luke",
  title = 	"Joint {A}* {CCG} Parsing and Semantic Role Labelling",
  booktitle = 	"Proc. of EMNLP",
  year = 	"2015",
  pages = 	"1444--1454",
  doi = 	"10.18653/v1/D15-1169",
  url = 	"http://www.aclweb.org/anthology/D15-1169"
}

@InProceedings{D17-1130,
  author = 	"Ballesteros, Miguel
    and Al-Onaizan, Yaser",
  title = 	"{AMR} Parsing using Stack-{LSTM}s",
  booktitle = 	"Proc. of EMNLP",
  year = 	"2017",
  pages = 	"1269--1275",
  url = 	"http://aclweb.org/anthology/D17-1130"
}

@InProceedings{K17-1040,
  author = 	"Ziser, Yftah
    and Reichart, Roi",
  title = 	"Neural Structural Correspondence Learning for Domain Adaptation",
  booktitle = 	"Proc. of CoNLL",
  year = 	"2017",
  pages = 	"400--410",
  doi = 	"10.18653/v1/K17-1040",
  url = 	"http://www.aclweb.org/anthology/K17-1040"
}

@article{ando2005framework,
  title={A framework for learning predictive structures from multiple tasks and unlabeled data},
  author={Ando, Rie Kubota and Zhang, Tong},
  journal={Journal of Machine Learning Research},
  volume={6},
  number={Nov},
  pages={1817--1853},
  year={2005}
}

@InProceedings{W06-1615,
  author = 	"Blitzer, John
    and McDonald, Ryan
    and Pereira, Fernando",
  title = 	"Domain Adaptation with Structural Correspondence Learning",
  booktitle = 	"Proc. of EMNLP",
  year = 	"2006",
  pages = 	"120--128",
  url = 	"http://www.aclweb.org/anthology/W06-1615"
}

@InProceedings{P07-1033,
  author = 	"Daume III, Hal",
  title = 	"Frustratingly Easy Domain Adaptation",
  booktitle = 	"Proc. of ACL",
  year = 	"2007",
  pages = 	"256--263",
  url = 	"http://www.aclweb.org/anthology/P07-1033"
}

@Article{Q16-1031,
  author = 	"Ammar, Waleed
    and Mulcaire, George
    and Ballesteros, Miguel
    and Dyer, Chris
    and Smith, Noah",
  title = 	"Many Languages, One Parser",
  journal = 	"TACL",
  year = 	"2016",
  volume = 	"4",
  pages = 	"431--444",
  url = 	"http://www.aclweb.org/anthology/Q16-1031"
}

@article{collobert2011natural,
  author = {Collobert, Ronan and Weston, Jason and Bottou, L{\'e}on and Karlen, Michael and Kavukcuoglu, Koray and Kuksa, Pavel},
  title = {Natural Language Processing (Almost) from Scratch},
  journal = {J. Mach. Learn. Res.},
  issue_date = {2/1/2011},
  volume = {12},
  month = nov,
  year = {2011},
  issn = {1532-4435},
  pages = {2493--2537},
  numpages = {45},
  url = {http://dl.acm.org/citation.cfm?id=1953048.2078186},
  acmid = {2078186},
  publisher = {JMLR.org}
}

@InProceedings{D17-1206,
  author = 	"Hashimoto, Kazuma
    and xiong, caiming
    and Tsuruoka, Yoshimasa
    and Socher, Richard",
  title = 	"A Joint Many-Task Model: Growing a Neural Network for Multiple {NLP} Tasks",
  booktitle = 	"Proc. of EMNLP",
  year = 	"2017",
  pages = 	"1923--1933",
  url = 	"http://aclweb.org/anthology/D17-1206"
}
@article{keskar2017improving,
  title={Improving Generalization Performance by Switching from {A}dam to {SGD}},
  author={Nitish Shirish Keskar and Richard Socher},
  journal={CoRR},
  year={2017},
  volume={abs/1712.07628},
  url={https://arxiv.org/abs/1712.07628}
}
@InProceedings{toutanova2005joint,
  author = 	"Toutanova, Kristina
    and Haghighi, Aria
    and Manning, Christopher",
  title = 	"Joint Learning Improves Semantic Role Labeling",
  booktitle = 	"Proc. of ACL",
  year = 	"2005",
  pages = 	"589--596",
  url = 	"http://www.aclweb.org/anthology/P05-1073"
}
@InProceedings{hajivc2009conll,
  author = 	"Haji{\v{c}}, Jan
    and Ciaramita, Massimiliano
    and Johansson, Richard
    and Kawahara, Daisuke
    and Mart{\'i}, Maria Ant{\`o}nia
    and M{\`a}rquez, Llu{\'i}s
    and Meyers, Adam
    and Nivre, Joakim
    and Pad{\'o}, Sebastian
    and {\v{S}}tep{\'a}nek, Jan
    and Stra{\v{n}}{\'a}k, Pavel
    and Surdeanu, Mihai
    and Xue, Nianwen
    and Zhang, Yi",
  title = 	"The {C}o{NLL}-2009 Shared Task: Syntactic and Semantic Dependencies in Multiple Languages",
  booktitle = 	"Proc. of CoNLL",
  year = 	"2009",
  pages = 	"1--18",
  url = 	"http://www.aclweb.org/anthology/W09-1201"
}

@InProceedings{surdeanu2008conll,
  author = 	"Surdeanu, Mihai
    and Johansson, Richard
    and Meyers, Adam
    and M{\`a}rquez, Llu{\'i}s
    and Nivre, Joakim",
  title = 	"The {C}o{NLL} 2008 Shared Task on Joint Parsing of Syntactic and Semantic Dependencies",
  booktitle = 	"Proc. of CoNLL",
  year = 	"2008",
  pages = 	"159--177",
  url = 	"http://www.aclweb.org/anthology/W08-2121"
}

@article{hinton2002training,
  title={Training products of experts by minimizing contrastive divergence},
  author={Hinton, Geoffrey E},
  journal={Neural computation},
  volume={14},
  number={8},
  pages={1771--1800},
  year={2002},
  publisher={MIT Press}
}

@incollection{NIPS2016_6241,
  author = {Gal, Yarin and Ghahramani, Zoubin},
  booktitle = {Advances in Neural Information Processing Systems 29},
  editor = {Lee, D D and Sugiyama, M and Luxburg, U V and Guyon, I and Garnett, R},
  pages = {1019--1027},
  publisher = {Curran Associates, Inc.},
  title = {{A Theoretically Grounded Application of Dropout in Recurrent Neural Networks}},
  url = {http://papers.nips.cc/paper/6241-a-theoretically-grounded-application-of-dropout-in-recurrent-neural-networks.pdf},
  year = {2016}
}

@article{j.2018on,
  title={On the Convergence of {A}dam and Beyond},
  author={Sashank J. Reddi, Satyen Kale, Sanjiv Kumar},
  journal={ICLR},
  year={2018},
  url={https://openreview.net/forum?id=ryQu7f-RZ}
}

@InProceedings{K17-3002,
  author = 	"Dozat, Timothy
    and Qi, Peng
    and Manning, Christopher D.",
  title = 	"Stanford's Graph-based Neural Dependency Parser at the CoNLL 2017 Shared Task",
  booktitle = 	"Proc. of CoNLL",
  year = 	"2017",
  pages = 	"20--30",
  doi = 	"10.18653/v1/K17-3002",
  url = 	"http://www.aclweb.org/anthology/K17-3002"
}

@InProceedings{P16-1139,
  author = 	"Bowman, Samuel R.
    and Gauthier, Jon
    and Rastogi, Abhinav
    and Gupta, Raghav
    and Manning, Christopher D.
    and Potts, Christopher",
  title = 	"A Fast Unified Model for Parsing and Sentence Understanding",
  booktitle = 	"Proc. of ACL",
  year = 	"2016",
  pages = 	"1466--1477",
  doi = 	"10.18653/v1/P16-1139",
  url = 	"http://www.aclweb.org/anthology/P16-1139"
}

@InProceedings{E17-1117,
  author = 	"Kuncoro, Adhiguna
    and Ballesteros, Miguel
    and Kong, Lingpeng
    and Dyer, Chris
    and Neubig, Graham
    and Smith, Noah A.",
  title = 	"What Do Recurrent Neural Network Grammars Learn About Syntax?",
  booktitle = 	"Proc. of EACL",
  year = 	"2017",
  pages = 	"1249--1258",
  url = 	"http://aclweb.org/anthology/E17-1117"
}

@InProceedings{SCHUSTER16.779,
  author = {Sebastian Schuster and Christopher D. Manning},
  title = {Enhanced {E}nglish {U}niversal {D}ependencies: An Improved Representation for Natural Language Understanding Tasks},
  booktitle = {Proc. of LREC},
  year = {2016},
  month = {May},
  date = {23-28},
  publisher = {ELRA},
  isbn = {978-2-9517408-9-1},
  url={https://nlp.stanford.edu/pubs/schuster2016enhanced.pdf}
}

@InProceedings{foland2017abstract,
  author = 	"Foland, William and Martin, James H.",
  title = 	"{A}bstract {M}eaning {R}epresentation Parsing using {LSTM} Recurrent Neural Networks",
  booktitle = 	"Proc. of ACL",
  year = 	"2017",
  pages = 	"463--472",
  doi = 	"10.18653/v1/P17-1043",
  url = 	"http://www.aclweb.org/anthology/P17-1043"
}


@InProceedings{C16-1179,
  author = 	"Braud, Chlo{\'e} and Plank, Barbara and S{\o}gaard, Anders",
  title = 	"Multi-view and multi-task training of {RST} discourse parsers",
  booktitle = 	"Proc. of COLING",
  year = 	"2016",
  pages = 	"1903--1913",
  location = 	"Osaka, Japan",
  url = 	"http://www.aclweb.org/anthology/C16-1179"
}

@InProceedings{C16-1059,
  author = 	"Plank, Barbara",
  title = 	"Keystroke dynamics as signal for shallow syntactic parsing",
  booktitle = 	"Proc. of COLING",
  year = 	"2016",
  pages = 	"609--619",
  location = 	"Osaka, Japan",
  url = 	"http://www.aclweb.org/anthology/C16-1059"
}

@InProceedings{C16-1013,
  author = 	"Bollmann, Marcel
    and S{\o}gaard, Anders",
  title = 	"Improving historical spelling normalization with bi-directional LSTMs and multi-task learning",
  booktitle = 	"Proc. of COLING",
  year = 	"2016",
  pages = 	"131--139",
  location = 	"Osaka, Japan",
  url = 	"http://www.aclweb.org/anthology/C16-1013"
}

@InProceedings{P16-2038,
  author = 	"S{\o}gaard, Anders
    and Goldberg, Yoav",
  title = 	"Deep multi-task learning with low level tasks supervised at lower layers",
  booktitle = 	"Proc. of ACL",
  year = 	"2016",
  pages = 	"231--235",
  location = 	"Berlin, Germany",
  doi = 	"10.18653/v1/P16-2038",
  url = 	"http://www.aclweb.org/anthology/P16-2038"
}

@InProceedings{N16-1179,
  author = 	"Klerke, Sigrid
    and Goldberg, Yoav
    and S{\o}gaard, Anders",
  title = 	"Improving sentence compression by learning to predict gaze",
  booktitle = 	"Proc. of NAACL-HLT",
  year = 	"2016",
  pages = 	"1528--1533",
  location = 	"San Diego, California",
  doi = 	"10.18653/v1/N16-1179",
  url = 	"http://www.aclweb.org/anthology/N16-1179"
}

@InProceedings{E17-1005,
  author = 	"Mart{\'i}nez Alonso, H{\'e}ctor
    and Plank, Barbara",
  title = 	"When is multitask learning effective? {S}emantic sequence prediction under varying data conditions",
  booktitle = 	"Proc. of EACL",
  year = 	"2017",
  pages = 	"44--53",
  url = 	"http://www.aclweb.org/anthology/E17-1005"
}

@InProceedings{E17-2026,
  author = 	"Bingel, Joachim
    and S{\o}gaard, Anders",
  title = 	"Identifying beneficial task relations for multi-task learning in deep neural networks",
  booktitle = 	"Proc. of EACL",
  year = 	"2017",
  pages = 	"164--169",
  location = 	"Valencia, Spain",
  url = 	"http://www.aclweb.org/anthology/E17-2026"
}

@inproceedings{isem2013daiber,
  title = {Improving Efficiency and Accuracy in Multilingual Entity Extraction},
  author = {Joachim Daiber and Max Jakob and Chris Hokamp and Pablo N. Mendes},
  year = {2013},
  booktitle = {Proc. of I-Semantics}
}

@InProceedings{cai2013smatch,
  author = 	"Cai, Shu
    and Knight, Kevin",
  title = 	"Smatch: an Evaluation Metric for Semantic Feature Structures",
  booktitle = 	"Proc. of ACL",
  year = 	"2013",
  pages = 	"748--752",
  url = 	"http://www.aclweb.org/anthology/P13-2131"
}

@MastersThesis{more2016joint,
  title={Joint Morpho-Syntactic Processing of Morphologically Rich Languages in a Transition-Based Framework},
  author={More, Amir},
  year={2016},
  school={The Interdisciplinary Center, Herzliya},
  url={https://www.idc.ac.il/en/schools/cs/research/Documents/amir-mor-thesis.pdf}
}

@InProceedings{E17-1035,
  author = 	"Peng, Xiaochang
    and Wang, Chuan
    and Gildea, Daniel
    and Xue, Nianwen",
  title = 	"Addressing the Data Sparsity Issue in Neural {AMR} Parsing",
  booktitle = 	"Proc. of EACL",
  year = 	"2017",
  pages = 	"366--375",
  location = 	"Valencia, Spain",
  url = 	"http://www.aclweb.org/anthology/E17-1035"
}

@InProceedings{buys2017oxford,
  author = 	"Buys, Jan
    and Blunsom, Phil",
  title = 	"Oxford at {S}em{E}val-2017 Task 9: Neural {AMR} Parsing with Pointer-Augmented Attention",
  booktitle = 	"Proc. of SemEval",
  year = 	"2017",
  pages = 	"914--919",
  doi = 	"10.18653/v1/S17-2157",
  url = 	"http://www.aclweb.org/anthology/S17-2157"
}

@misc{11234/1-2515,
  title = {Universal Dependencies 2.1},
  author = {Nivre, Joakim and Agi{\'c}, {\v Z}eljko and Ahrenberg, Lars and Antonsen, Lene and Aranzabe, Maria Jesus and Asahara, Masayuki and Ateyah, Luma and Attia, Mohammed and Atutxa, Aitziber and Augustinus, Liesbeth and Badmaeva, Elena and Ballesteros, Miguel and Banerjee, Esha and Bank, Sebastian and Barbu Mititelu, Verginica and Bauer, John and Bengoetxea, Kepa and Bhat, Riyaz Ahmad and Bick, Eckhard and Bobicev, Victoria and B{\"o}rstell, Carl and Bosco, Cristina and Bouma, Gosse and Bowman, Sam and Burchardt, Aljoscha and Candito, Marie and Caron, Gauthier and Cebiroƒülu Eryiƒüit, G{\"u}l{\c s}en and Celano, Giuseppe G. A. and Cetin, Savas and Chalub, Fabricio and Choi, Jinho and Cinkov{\'a}, Silvie and {\c C}{\"o}ltekin, {\c C}aƒürƒ± and Connor, Miriam and Davidson, Elizabeth and de Marneffe, Marie-Catherine and de Paiva, Valeria and Diaz de Ilarraza, Arantza and Dirix, Peter and Dobrovoljc, Kaja and Dozat, Timothy and Droganova, Kira and Dwivedi, Puneet and Eli, Marhaba and Elkahky, Ali and Erjavec, Toma{\v z} and Farkas, Rich{\'a}rd and Fernandez Alcalde, Hector and Foster, Jennifer and Freitas, Cl{\'a}udia and Gajdo{\v s}ov{\'a}, Katar{\'i}na and Galbraith, Daniel and Garcia, Marcos and G{\"a}rdenfors, Moa and Gerdes, Kim and Ginter, Filip and Goenaga, Iakes and Gojenola, Koldo and G{\"o}kƒ±rmak, Memduh and Goldberg, Yoav and G{\'o}mez Guinovart, Xavier and Gonz{\'a}les Saavedra, Berta and Grioni, Matias and Gr{\=u}z{\=i}tis, Normunds and Guillaume, Bruno and Habash, Nizar and Haji{\v c}, Jan and Haji{\v c} jr., Jan and H{\`a} M·ªπ, Linh and Harris, Kim and Haug, Dag and Hladk{\'a}, Barbora and Hlav{\'a}{\v c}ov{\'a}, Jaroslava and Hociung, Florinel and Hohle, Petter and Ion, Radu and Irimia, Elena and Jel{\'i}nek, Tom{\'a}{\v s} and Johannsen, Anders and J{\o}rgensen, Fredrik and Ka{\c s}ƒ±kara, H{\"u}ner and Kanayama, Hiroshi and Kanerva, Jenna and Kayadelen, Tolga and Kettnerov{\'a}, V{\'a}clava and Kirchner, Jesse and Kotsyba, Natalia and Krek, Simon and Laippala, Veronika and Lambertino, Lorenzo and Lando, Tatiana and Lee, John and L{\^e} H·ªìng, Ph∆∞∆°ng and Lenci, Alessandro and Lertpradit, Saran and Leung, Herman and Li, Cheuk Ying and Li, Josie and Li, Keying and Ljube{\v s}i{\'c}, Nikola and Loginova, Olga and Lyashevskaya, Olga and Lynn, Teresa and Macketanz, Vivien and Makazhanov, Aibek and Mandl, Michael and Manning, Christopher and M{\u a}r{\u a}nduc, C{\u a}t{\u a}lina and Mare{\v c}ek, David and Marheinecke, Katrin and Mart{\'i}nez Alonso, H{\'e}ctor and Martins, Andr{\'e} and Ma{\v s}ek, Jan and Matsumoto, Yuji and {McDonald}, Ryan and Mendon{\c c}a, Gustavo and Miekka, Niko and Missil{\"a}, Anna and Mititelu, C{\u a}t{\u a}lin and Miyao, Yusuke and Montemagni, Simonetta and More, Amir and Moreno Romero, Laura and Mori, Shinsuke and Moskalevskyi, Bohdan and Muischnek, Kadri and M{\"u}{\"u}risep, Kaili and Nainwani, Pinkey and Nedoluzhko, Anna and Ne{\v s}pore-B{\=e}rzkalne, Gunta and Nguy·ªÖn Th·ªã, L∆∞∆°ng and Nguy·ªÖn Th·ªã Minh, Huy·ªÅn and Nikolaev, Vitaly and Nurmi, Hanna and Ojala, Stina and Osenova, Petya and {\"O}stling, Robert and {\O}vrelid, Lilja and Pascual, Elena and Passarotti, Marco and Perez, Cenel-Augusto and Perrier, Guy and Petrov, Slav and Piitulainen, Jussi and Pitler, Emily and Plank, Barbara and Popel, Martin and Pretkalni≈Üa, Lauma and Prokopidis, Prokopis and Puolakainen, Tiina and Pyysalo, Sampo and Rademaker, Alexandre and Ramasamy, Loganathan and Rama, Taraka and Ravishankar, Vinit and Real, Livy and Reddy, Siva and Rehm, Georg and Rinaldi, Larissa and Rituma, Laura and Romanenko, Mykhailo and Rosa, Rudolf and Rovati, Davide and Sagot, Beno{\^i}t and Saleh, Shadi and Samard{\v z}i{\'c}, Tanja and Sanguinetti, Manuela and Saul{\=i}te, Baiba and Schuster, Sebastian and Seddah, Djam{\'e} and Seeker, Wolfgang and Seraji, Mojgan and Shen, Mo and Shimada, Atsuko and Sichinava, Dmitry and Silveira, Natalia and Simi, Maria and Simionescu, Radu and Simk{\'o}, Katalin and {\v S}imkov{\'a}, M{\'a}ria and Simov, Kiril and Smith, Aaron and Stella, Antonio and Straka, Milan and Strnadov{\'a}, Jana and Suhr, Alane and Sulubacak, Umut and Sz{\'a}nt{\'o}, Zsolt and Taji, Dima and Tanaka, Takaaki and Trosterud, Trond and Trukhina, Anna and Tsarfaty, Reut and Tyers, Francis and Uematsu, Sumire and Ure{\v s}ov{\'a}, Zde{\v n}ka and Uria, Larraitz and Uszkoreit, Hans and Vajjala, Sowmya and van Niekerk, Daniel and van Noord, Gertjan and Varga, Viktor and Villemonte de la Clergerie, Eric and Vincze, Veronika and Wallin, Lars and Washington, Jonathan North and Wir{\'e}n, Mats and Wong, Tak-sum and Yu, Zhuoran and {\v Z}abokrtsk{\'y}, Zden{\v e}k and Zeldes, Amir and Zeman, Daniel and Zhu, Hanzhi},
  url = {http://hdl.handle.net/11234/1-2515},
  note = {{LINDAT}/{CLARIN} digital library at the Institute of Formal and Applied Linguistics ({{\'U}FAL}), Faculty of Mathematics and Physics, Charles University},
  copyright = {Licence Universal Dependencies v2.1},
  year = {2017}
}

@ARTICLE{spacy2,
  AUTHOR  = {Honnibal, Matthew AND Montani, Ines},
  TITLE   = {spa{C}y 2: Natural language understanding with {B}loom embeddings, convolutional neural networks and incremental parsing},
  YEAR    = {2018},
  JOURNAL = {To appear}
}
@Article{bojanowski2016enriching,
  author = 	"Bojanowski, Piotr
    and Grave, Edouard
    and Joulin, Armand
    and Mikolov, Tomas",
  title = 	"Enriching Word Vectors with Subword Information",
  journal = 	"TACL",
  year = 	"2017",
  volume = 	"5",
  pages = 	"135--146",
  url = 	"http://aclweb.org/anthology/Q17-1010"
}
@inproceedings{collobert2008unified,
  title={A unified architecture for natural language processing: Deep neural networks with multitask learning},
  author={Collobert, Ronan and Weston, Jason},
  booktitle={Proc. of ICML},
  pages={160--167},
  year={2008}
}
@InProceedings{nivre2016universal,
  author = {Joakim Nivre and Marie-Catherine de Marneffe and Filip Ginter and Yoav Goldberg and Jan Hajic and Christopher D. Manning and Ryan McDonald and Slav Petrov and Sampo Pyysalo and Natalia Silveira and Reut Tsarfaty and Daniel Zeman},
  title = {Universal Dependencies v1: A Multilingual Treebank Collection},
  booktitle = {Proc. of LREC},
  year = {2016},
  month = {may},
  date = {23-28},
  isbn = {978-2-9517408-9-1},
  url={https://nlp.stanford.edu/pubs/nivre2016ud.pdf}
}
@book{pollard1994head,
  title={Head-driven phrase structure grammar},
  author={Pollard, Carl and Sag, Ivan A},
  year={1994},
  publisher={University of Chicago Press}
}

@INPROCEEDINGS{copestake2000open,
  author = {Ann Copestake and Dan Flickinger},
  title = {An open source grammar development environment and broad-coverage {E}nglish grammar using {HPSG}},
  booktitle = {Proc. of LREC},
  year = {2000},
  pages = {591--600},
  url={https://www.cl.cam.ac.uk/~aac10/papers/lrec2000.pdf}
}

@inproceedings{flickinger2012deepbank,
  Title = {Deep{B}ank: A Dynamically Annotated Treebank of the {W}all {S}treet {J}ournal},
  Author = {Daniel Flickinger and Yi Zhang and Valia Kordoni},
  BookTitle = {Proc. of Workshop on Treebanks and Linguistic Theories},
  Year = {2012},
  Pages = {85-96},
  url={https://www.dfki.de/lt/publication_show.php?id=6619}
}

@InProceedings{may2017semeval,
  author = 	"May, Jonathan
    and Priyadarshi, Jay",
  title = 	"Sem{E}val-2017 Task 9: {A}bstract {M}eaning {R}epresentation Parsing and Generation",
  booktitle = 	"Proc. of SemEval",
  year = 	"2017",
  pages = 	"536--545",
  doi = 	"10.18653/v1/S17-2090",
  url = 	"http://www.aclweb.org/anthology/S17-2090"
}

@article{zeman2017conll,
  title={Co{NLL} 2017 shared task: multilingual parsing from raw text to universal dependencies},
  author={Zeman, Daniel and Popel, Martin and Straka, Milan and Hajic, Jan and Nivre, Joakim and Ginter, Filip and Luotolahti, Juhani and Pyysalo, Sampo and Petrov, Slav and Potthast, Martin and others},
  journal={Proc. of CoNLL},
  pages={1--19},
  year={2017}
}

@article{luong2015multi,
  title={Multi-task sequence to sequence learning},
  author={Luong, Minh-Thang and Le, Quoc V and Sutskever, Ilya and Vinyals, Oriol and Kaiser, Lukasz},
  journal={arXiv preprint arXiv:1511.06114},
  year={2015}
}

@InProceedings{Zhang2016StackpropagationIR,
  author = 	"Zhang, Yuan
    and Weiss, David",
  title = 	"Stack-propagation: Improved Representation Learning for Syntax",
  booktitle = 	"Proc. of ACL",
  year = 	"2016",
  pages = 	"1557--1566",
  doi = 	"10.18653/v1/P16-1147",
  url = 	"http://www.aclweb.org/anthology/P16-1147"
}

@article{TACL892,
  author = {Ammar, Waleed  and Mulcaire, George  and Ballesteros, Miguel  and Dyer, Chris  and Smith, Noah },
  title = {Many Languages, One Parser},
  journal = {TACL},
  volume = {4},
  year = {2016},
  keywords = {},
  issn = {2307-387X},
  url = {https://transacl.org/ojs/index.php/tacl/article/view/892},
  pages = {431--444}
}

@article{guo2016exploiting,
  title={Exploiting Multi-typed Treebanks for Parsing with Deep Multi-task Learning},
  author={Jiang Guo and Wanxiang Che and Haifeng Wang and Ting Liu},
  journal={CoRR},
  year={2016},
  volume={abs/1606.01161},
  url={https://arxiv.org/abs/1606.01161}
}

@article{ruder2017overview,
  title={An overview of multi-task learning in deep neural networks},
  author={Ruder, Sebastian},
  journal={arXiv preprint arXiv:1706.05098},
  year={2017}
}

@article{dozat2016deep,
  title={Deep Biaffine Attention for Neural Dependency Parsing},
  author={Timothy Dozat and Christopher D. Manning},
  journal={CoRR},
  year={2016},
  volume={abs/1611.01734},
  url={https://arxiv.org/abs/1611.01734}
}

@InProceedings{P17-1186,
  author = 	"Peng, Hao
    and Thomson, Sam
    and Smith, Noah A.",
  title = 	"Deep Multitask Learning for Semantic Dependency Parsing",
  booktitle = 	"Proc. of ACL",
  year = 	"2017",
  pages = 	"2037--2048",
  location = 	"Vancouver, Canada",
  doi = 	"10.18653/v1/P17-1186",
  url = 	"http://aclanthology.coli.uni-saarland.de/pdf/P/P17/P17-1186.pdf"
}

@Article{gildea2002automatic,
  author = 	"Gildea, Daniel
    and Jurafsky, Daniel",
  title = 	"Automatic Labeling of Semantic Roles",
  journal = 	"Computational Linguistics",
  year = 	"2002",
  volume = 	"28",
  number = 	"3",
  url = 	"http://www.aclweb.org/anthology/J02-3001"
}

@article{swayamdipta2017frame,
  title={Frame-Semantic Parsing with Softmax-Margin Segmental RNNs and a Syntactic Scaffold},
  author={Swabha Swayamdipta and Sam Thomson and Chris Dyer and Noah A. Smith},
  journal={CoRR},
  year={2017},
  volume={abs/1706.09528},
  url={https://arxiv.org/abs/1706.09528}
}

@article{ringgaard2017sling,
  title={SLING: A framework for frame semantic parsing},
  author={Ringgaard, Michael and Gupta, Rahul and Pereira, Fernando CN},
  journal={arXiv preprint arXiv:1710.07032},
  year={2017}
}

@inproceedings{ZhangTDP11,
  title = {Transition-Based Dependency Parsing with Rich Non-Local Features},
  booktitle = {Proc. of ACL-HLT},
  publisher = {},
  year = {2011},
  pages = {188--193},
  author = {Zhang, Yue and Nivre, Joakim},
  editor = {},
  url = {http://www.aclweb.org/anthology/P11-2033.pdf},
  note = {}
}

@InProceedings{oepen2016towards,
  author = {Stephan Oepen and Marco Kuhlmann and Yusuke Miyao and Daniel Zeman and Silvie Cinkova and Dan Flickinger and Jan Hajic and Angelina Ivanova and Zdenka Uresova},
  title = {Towards Comparability of Linguistic Graph Banks for Semantic Parsing},
  booktitle = {Proc. of LREC},
  year = {2016},
  month = {may},
  date = {23-28},
  isbn = {978-2-9517408-9-1},
  url={http://www.lrec-conf.org/proceedings/lrec2016/pdf/887_Paper.pdf}
}

@techreport{nivre2005dependency,
  title = {Dependency Grammar and Dependency Parsing},
  year = {2005},
  institution = {V{\"a}xj{\"o} University, School of Mathematics and Systems Engineering},
  author = {Nivre, Joakim},
  number = {MSI 05133},
  url = {http://stp.lingfil.uu.se/~nivre/docs/05133.pdf},
  note = {}
}

@article{goldberg2016primer,
  title={A Primer on Neural Network Models for Natural Language Processing},
  author={Goldberg, Yoav},
  year={2016}
}

@article{zhou2017neural,
  title={A Neural Probabilistic Structured-Prediction Method for Transition-Based Natural Language Processing},
  author={Zhou, Hao and Zhang, Yue and Cheng, Chuan and Huang, Shujian and Dai, Xinyu and Chen, Jiajun},
  journal={Journal of Artificial Intelligence Research},
  volume={58},
  pages={703--729},
  year={2017}
}

@InProceedings{bohnet2012transition,
  author = 	"Bohnet, Bernd
    and Nivre, Joakim",
  title = 	"A Transition-Based System for Joint Part-of-Speech Tagging and Labeled Non-Projective Dependency Parsing",
  booktitle = 	"Proc. of EMNLP-CoNLL",
  year = 	"2012",
  pages = 	"1455--1465",
  url = 	"http://www.aclweb.org/anthology/D12-1133"
}

@article{kuhlmann2010transition,
  title={Transition-based techniques for non-projective dependency parsing},
  author={Kuhlmann, Marco and Nivre, Joakim},
  journal={NEJLT},
  volume={2},
  number={1},
  pages={1--19},
  year={2010},
  publisher={Link{\"o}ping University Electronic Press}
}

@article{goldberg2013training,
  title={Training deterministic parsers with non-deterministic oracles},
  author={Goldberg, Yoav and Nivre, Joakim},
  journal={TACL},
  volume={1},
  pages={403--414},
  year={2013}
}

@inproceedings{goldberg2013dynamic,
  title={Dynamic-oracle transition-based parsing with calibrated probabilistic output},
  author={Goldberg, Yoav},
  booktitle={Proc. of IWPT},
  year={2013}
}

@InProceedings{ballesteros-EtAl:2016:EMNLP2016,
  author    = {Ballesteros, Miguel  and  Goldberg, Yoav  and  Dyer, Chris  and  Smith, Noah A.},
  title     = {Training with Exploration Improves a Greedy Stack LSTM Parser},
  booktitle = {Proc. of EMNLP},
  month     = {November},
  year      = {2016},
  address   = {Austin, Texas},
  pages     = {2005--2010},
  url       = {https://aclweb.org/anthology/D16-1211}
}

@article{nivre2008algorithms,
  title={Algorithms for deterministic incremental dependency parsing},
  author={Nivre, Joakim},
  journal={Computational Linguistics},
  volume={34},
  number={4},
  pages={513--553},
  year={2008},
  publisher={MIT Press}
}


@InProceedings{zhang-zhang-fu:2016:P16-1,
  author    = {Zhang, Meishan  and  Zhang, Yue  and  Fu, Guohong},
  title     = {Transition-Based Neural Word Segmentation},
  booktitle = {Proc. of ACL},
  month     = {August},
  year      = {2016},
  address   = {Berlin, Germany},
  pages     = {421--431},
  url       = {http://www.aclweb.org/anthology/P16-1040}
}

@InProceedings{lample-EtAl:2016:N16-1,
  author    = {Lample, Guillaume  and  Ballesteros, Miguel  and  Subramanian, Sandeep  and  Kawakami, Kazuya  and  Dyer, Chris},
  title     = {Neural Architectures for Named Entity Recognition},
  booktitle = {Proc. of NAACL HLT},
  month     = {June},
  year      = {2016},
  address   = {San Diego, California},
  pages     = {260--270},
  url       = {http://www.aclweb.org/anthology/N16-1030}
}

@article{kong2017dragnn,
  title={{DRAGNN}: A Transition-based Framework for Dynamically Connected Neural Networks},
  author={Kong, Lingpeng and Alberti, Chris and Andor, Daniel and Bogatyy, Ivan and Weiss, David},
  journal={arXiv preprint arXiv:1703.04474},
  year={2017}
}

@article{abend2017uccaapp,
  title={{UCCAApp}: Web-application for syntactic and semantic phrase-based annotation},
  author={Abend, Omri and Yerushalmi, Shai and Rappoport, Ari},
  journal={Proc. of ACL System Demonstrations},
  pages={109--114},
  year={2017},
  url = "https://www.aclweb.org/anthology/P17-4019"
}

@inproceedings{goldberg2010efficient,
  title={An efficient algorithm for easy-first non-directional dependency parsing},
  author={Goldberg, Yoav and Elhadad, Michael},
  booktitle={Proc. of NAACL},
  pages={742--750},
  year={2010},
}

@InProceedings{gomez2010a,
  author    = {G\'{o}mez-Rodr\'{i}guez, Carlos  and  Nivre, Joakim},
  title     = {A Transition-Based Parser for 2-Planar Dependency Structures},
  booktitle = {Proc. of ACL},
  month     = {July},
  year      = {2010},
  location  = {Uppsala, Sweden},
  pages     = {1492--1501},
  url       = {http://www.aclweb.org/anthology/P10-1151},
  isbn      = {978-1-932432-67-1},
}

@InProceedings{hershcovich2017a,
  author    = {Hershcovich, Daniel  and  Abend, Omri  and  Rappoport, Ari},
  title     = {A Transition-Based Directed Acyclic Graph Parser for {UCCA}},
  booktitle = {Proc. of ACL},
  year      = {2017},
  pages     = {1127--1138},
  url       = {http://aclweb.org/anthology/P17-1104}
}

@InProceedings{abend2017state,
  author = 	"Abend, Omri
    and Rappoport, Ari",
  title = 	"The State of the Art in Semantic Representation",
  booktitle = 	"Proc. of ACL",
  year = 	"2017",
  pages = 	"77--89",
  doi = 	"10.18653/v1/P17-1008",
  url = 	"http://www.aclweb.org/anthology/P17-1008"
}


@article{weischedel2013ontonotes,
  title={Onto{N}otes release 5.0 {LDC2013T19}},
  author={Weischedel, Ralph and Palmer, Martha and Marcus, Mitchell and Hovy, Eduard and Pradhan, Sameer and Ramshaw, Lance and Xue, Nianwen and Taylor, Ann and Kaufman, Jeff and Franchini, Michelle and others},
  journal={Linguistic Data Consortium, Philadelphia, PA},
  year={2013},
  url={https://catalog.ldc.upenn.edu/LDC2013T19}
}
@InProceedings{narayan2014hybrid,
  author    = {Narayan, Shashi  and  Gardent, Claire},
  title     = {Hybrid Simplification using Deep Semantics and Machine Translation},
  booktitle = {Proc. of ACL},
  month     = {June},
  year      = {2014},
  pages     = {435--445},
  url       = {http://aclweb.org/anthology/P14-1041}
}
@inproceedings{zhang2011shift,
  title={Shift-reduce {CCG} parsing},
  author={Zhang, Yue and Clark, Stephen},
  booktitle={Proc. of ACL},
  month     = {June},
  year      = {2011},
  pages     = {683--692},
  url       = {http://aclweb.org/anthology/P11-1069}
}
@article{neubig2017dynet,
  title={Dy{N}et: The Dynamic Neural Network Toolkit},
  author={Graham Neubig and Chris Dyer and Yoav Goldberg and Austin Matthews and Waleed Ammar and Antonios Anastasopoulos and Miguel Ballesteros and David Chiang and Daniel Clothiaux and Trevor Cohn and Kevin Duh and Manaal Faruqui and Cynthia Gan and Dan Garrette and Yangfeng Ji and Lingpeng Kong and Adhiguna Kuncoro and Gaurav Kumar and Chaitanya Malaviya and Paul Michel and Yusuke Oda and Matthew Richardson and Naomi Saphra and Swabha Swayamdipta and Pengcheng Yin},
  journal={CoRR},
  year={2017},
  volume={abs/1701.03980},
  url={https://arxiv.org/abs/1701.03980}
}
@InProceedings{honnibal-johnson:2015:EMNLP,
  author    = {Honnibal, Matthew  and  Johnson, Mark},
  title     = {An Improved Non-monotonic Transition System for Dependency Parsing},
  booktitle = {Proc. of EMNLP},
  month     = {September},
  year      = {2015},
  pages     = {1373--1378},
  url       = {http://aclweb.org/anthology/D15-1162}
}
@inproceedings{damonte-17,
  title={An Incremental Parser for {A}bstract {M}eaning {R}epresentation},
  author={Marco Damonte and Shay B. Cohen and Giorgio Satta},
  booktitle={Proc. of EACL},
  year={2017},
  url={http://homepages.inf.ed.ac.uk/scohen/eacl17amr.pdf}
}
@inproceedings{zhou2016amr,
  title={{AMR} Parsing with an Incremental Joint Model},
  author={Zhou, Junsheng and Xu, Feiyu and Uszkoreit, Hans and Qu, Weiguang and Li, Ran and Gu, Yanhui},
  booktitle = {Proc. of EMNLP},
  month     = {November},
  year      = {2016},
  pages     = {680--689},
  url       = {http://aclweb.org/anthology/D16-1065}
}
@inproceedings{goodman2016noise,
  title={Noise reduction and targeted exploration in imitation learning for {A}bstract {M}eaning {R}epresentation parsing},
  author={Goodman, James and Vlachos, Andreas and Naradowsky, Jason},
  booktitle = {Proc. of ACL},
  month     = {August},
  year      = {2016},
  pages     = {1--11},
  url       = {http://aclweb.org/anthology/P16-1001}
}
@article{kuhlmann2016towards,
  title={Towards A Catalogue of Linguistic Graph Banks},
  author={Kuhlmann, Marco and Oepen, Stephan},
  journal={Computational Linguistics},
  year={2016},
  publisher={MIT Press},
  url={https://mn.uio.no/ifi/english/people/aca/oe/cl.pdf}
}
@book{croft2004cognitive,
  title={Cognitive linguistics},
  author={Croft, William and Cruse, D Alan},
  year={2004},
  publisher={Cambridge University Press}
}
@inproceedings{dipendra2016neural,
  title={Neural Shift-Reduce {CCG} Semantic Parsing},
  author={Misra, Dipendra K and Artzi, Yoav},
  booktitle={Proc. of EMNLP},
  year={2016},
  pages={1775--1786},
  url={http://aclweb.org/anthology/D16-1183}
}
@InProceedings{ambati-deoskar-steedman:2016:N16-1,
  author    = {Ambati, Bharat Ram  and  Deoskar, Tejaswini  and  Steedman, Mark},
  title     = {Shift-Reduce {CCG} Parsing using Neural Network Models},
  booktitle = {Proc. of NAACL-HLT},
  month     = {June},
  year      = {2016},
  pages     = {447--453},
  url       = {http://aclweb.org/anthology/N16-1052}
}
@InProceedings{constant-nivre:2016:P16-1,
  author    = {Constant, Matthieu  and  Nivre, Joakim},
  title     = {A Transition-Based System for Joint Lexical and Syntactic Analysis},
  booktitle = {Proc. of ACL},
  month     = {August},
  year      = {2016},
  pages     = {161--171},
  url       = {http://aclweb.org/anthology/P16-1016}
}
@article{srivastava2014dropout,
  author  = {Nitish Srivastava and Geoffrey Hinton and Alex Krizhevsky and Ilya Sutskever and Ruslan Salakhutdinov},
  title   = {Dropout: A Simple Way to Prevent Neural Networks from Overfitting},
  journal = {Journal of Machine Learning Research},
  year    = {2014},
  volume  = {15},
  pages   = {1929-1958},
  url     = {http://jmlr.org/papers/v15/srivastava14a.html}
}
@article{kingma2014adam,
  author    = {Diederik P. Kingma and Jimmy Ba},
  title     = {Adam: {A} Method for Stochastic Optimization},
  journal   = {CoRR},
  volume    = {abs/1412.6980},
  year      = {2014},
  url       = {http://arxiv.org/abs/1412.6980}
}
@inproceedings{chen2014fast,
  title={A Fast and Accurate Dependency Parser using Neural Networks},
  author={Chen, Danqi and Manning, Christopher},
  booktitle={Proc. of EMNLP},
  pages={740--750},
  year={2014},
  url={http://aclweb.org/anthology/D14-1082}
}
@InProceedings{birch2016hume,
  author    = {Birch, Alexandra  and  Abend, Omri  and  Bojar, Ond\v{r}ej  and  Haddow, Barry},
  title={{HUME}: Human {UCCA}-Based Evaluation of Machine Translation},
  booktitle = {Proc. of EMNLP},
  month     = {November},
  year      = {2016},
  pages     = {1264--1274},
  url       = {http://aclweb.org/anthology/D16-1134}
}
@InProceedings{maier-lichte:2016:DiscoNLP,
  author    = {Maier, Wolfgang  and  Lichte, Timm},
  title     = {Discontinuous parsing with continuous trees},
  booktitle = {Proc. of Workshop on Discontinuous Structures in NLP},
  month     = {June},
  year      = {2016},
  pages     = {47--57},
  url       = {http://aclweb.org/anthology/W16-0906}
}
@InProceedings{wang-EtAl:2016:SemEval,
  author    = {Wang, Chuan  and  Pradhan, Sameer  and  Pan, Xiaoman  and  Ji, Heng  and  Xue, Nianwen},
  title     = {{CAMR} at {S}em{E}val-2016 Task 8: An Extended Transition-based {AMR} Parser},
  booktitle = {Proc. of SemEval},
  month     = {June},
  year      = {2016},
  pages     = {1173--1178},
  url       = {http://aclweb.org/anthology/S16-1181}
}
@InProceedings{wang-xue-pradhan:2015:ACL-IJCNLP,
  author    = {Wang, Chuan  and  Xue, Nianwen  and  Pradhan, Sameer},
  title     = {Boosting Transition-based {AMR} Parsing with Refined Actions and Auxiliary Analyzers},
  booktitle = {Proc. of ACL},
  month     = {July},
  year      = {2015},
  pages     = {857--862},
  url       = {http://aclweb.org/anthology/P15-2141}
}
@InProceedings{schluter-EtAl:2014:SemEval,
  author    = {Schluter, Natalie  and  S{\o}gaard, Anders  and  Elming, Jakob  and  Hovy, Dirk  and  Plank, Barbara  and  Mart\'{i}nez Alonso, H\'{e}ctor  and  Johanssen, Anders  and  Klerke, Sigrid},
  title     = {Copenhagen-{M}alm\"{o}: Tree Approximations of Semantic Parsing Problems},
  booktitle = {Proc. of SemEval},
  month     = {August},
  year      = {2014},
  pages     = {213--217},
  url       = {http://aclweb.org/anthology/S14-2034}
}
@InProceedings{agic-koller:2014:SemEval,
  author    = {Agi\'{c}, \v{Z}eljko  and  Koller, Alexander},
  title     = {Potsdam: Semantic Dependency Parsing by Bidirectional Graph-Tree Transformations and Syntactic Parsing},
  booktitle = {Proc. of SemEval},
  month     = {August},
  year      = {2014},
  pages     = {465--470},
  url       = {http://aclweb.org/anthology/S14-2081}
}
@InProceedings{du-EtAl:2015:SemEval,
  author    = {Du, Yantao  and  Zhang, Fan  and  Zhang, Xun  and  Sun, Weiwei  and  Wan, Xiaojun},
  title     = {Peking: Building Semantic Dependency Graphs with a Hybrid Parser},
  booktitle = {Proc. of SemEval},
  month     = {June},
  year      = {2015},
  pages     = {927--931},
  url       = {http://aclweb.org/anthology/S15-2154}
}
@InProceedings{almeida-martins:2015:SemEval,
  author    = {Almeida, Mariana S. C.  and  Martins, Andr\'{e} F. T.},
  title     = {Lisbon: Evaluating {T}urbo{S}emantic{P}arser on Multiple Languages and Out-of-Domain Data},
  booktitle = {Proc. of SemEval},
  month     = {June},
  year      = {2015},
  pages     = {970--973},
  url       = {http://aclweb.org/anthology/S15-2162}
}
@InProceedings{thomson-EtAl:2014:SemEval,
  author    = {Thomson, Sam  and  O'Connor, Brendan  and  Flanigan, Jeffrey  and  Bamman, David  and  Dodge, Jesse  and  Swayamdipta, Swabha  and  Schneider, Nathan  and  Dyer, Chris  and  Smith, Noah A.},
  title     = {{CMU}: Arc-Factored, Discriminative Semantic Dependency Parsing},
  booktitle = {Proc. of SemEval},
  month     = {August},
  year      = {2014},
  pages     = {176--180},
  url       = {http://aclweb.org/anthology/S14-2027}
}
@InProceedings{ribeyre-villemontedelaclergerie-seddah:2014:SemEval,
  author    = {Ribeyre, Corentin  and  Villemonte de la Clergerie, Eric  and  Seddah, Djam\'{e}},
  title     = {Alpage: Transition-based Semantic Graph Parsing with Syntactic Features},
  booktitle = {Proc. of SemEval},
  month     = {August},
  year      = {2014},
  pages     = {97--103},
  url       = {http://aclweb.org/anthology/S14-2012}
}
@InProceedings{swayamdipta-EtAl:2016:CoNLL,
  author    = {Swayamdipta, Swabha  and  Ballesteros, Miguel  and  Dyer, Chris  and  Smith, Noah A.},
  title     = {Greedy, Joint Syntactic-Semantic Parsing with Stack {LSTM}s},
  booktitle = {Proc. of CoNLL},
  month     = {August},
  year      = {2016},
  pages     = {187--197},
  url       = {http://aclweb.org/anthology/K16-1019}
}
@article{henderson2013multilingual,
  title={Multilingual joint parsing of syntactic and semantic dependencies with a latent variable model},
  author={Henderson, James and Merlo, Paola and Titov, Ivan and Musillo, Gabriele},
  journal={Computational Linguistics},
  volume={39},
  number={4},
  pages={949--998},
  year={2013},
  publisher={MIT Press},
  url={http://cognet.mit.edu/node/27348}
}
@InProceedings{werling2015robust,
  author    = {Werling, Keenon  and  Angeli, Gabor  and  Manning, Christopher D.},
  title     = {Robust Subgraph Generation Improves {A}bstract {M}eaning {R}epresentation Parsing},
  booktitle = {Proc. of ACL},
  month     = {July},
  year      = {2015},
  pages     = {982--991},
  url       = {http://aclweb.org/anthology/P15-1095}
}
@article{kiperwasser2016simple,
  author = {Kiperwasser, Eliyahu  and Goldberg, Yoav},
  title = {Simple and Accurate Dependency Parsing Using Bidirectional {LSTM} Feature Representations},
  journal = {TACL},
  volume = {4},
  year = {2016},
  url = {https://transacl.org/ojs/index.php/tacl/article/view/885},
  pages = {313--327}
}
@InProceedings{andor2016globally,
  author    = {Andor, Daniel  and  Alberti, Chris  and  Weiss, David  and  Severyn, Aliaksei  and  Presta, Alessandro  and  Ganchev, Kuzman  and  Petrov, Slav  and  Collins, Michael},
  title     = {Globally Normalized Transition-Based Neural Networks},
  booktitle = {Proc. of ACL},
  month     = {August},
  year      = {2016},
  pages     = {2442--2452},
  url       = {http://aclweb.org/anthology/P16-1231}
}
@inproceedings{agic2015semantic,
  title={Semantic Dependency Graph Parsing Using Tree Approximations},
  author={Agi{\'c}, {\v{Z}}eljko and Koller, Alexander and Oepen, Stephan},
  booktitle={Proc. of IWCS},
  pages={217--227},
  year={2015},
  url={http://aclweb.org/anthology/W15-0126}
}
@Article{copestake2005minimal,
  author="Copestake, Ann
    and Flickinger, Dan
    and Pollard, Carl
    and Sag, Ivan A.",
  title="Minimal Recursion Semantics: An Introduction",
  journal="Research on Language and Computation",
  year="2005",
  month="Jul",
  day="01",
  volume="3",
  number="2",
  pages="281--332",
  issn="1572-8706",
  doi="10.1007/s11168-006-6327-9",
  url="https://doi.org/10.1007/s11168-006-6327-9"
}
@inproceedings{fernandez2015parsing,
  title={Parsing as reduction},
  author={Fern{\'a}ndez-Gonz{\'a}lez, Daniel and Martins, Andr{\'e} FT},
  booktitle={Proc. of ACL},
  pages={1523--1533},
  year={2015},
  url={http://aclweb.org/anthology/P15-1147}
}
@inproceedings{pourdamghani2014aligning,
  title={Aligning {E}nglish Strings with {A}bstract {M}eaning {R}epresentation Graphs},
  author={Pourdamghani, Nima and Gao, Yang and Hermjakob, Ulf and Knight, Kevin},
  booktitle={Proc. of EMNLP},
  month     = {October},
  year      = {2014},
  pages     = {425--429},
  url       = {http://aclweb.org/anthology/D14-1048}
}
@InProceedings{kong-15,
  author    = {Lingpeng Kong and Alexander M. Rush and Noah A. Smith},
  title     = {Transforming Dependencies into Phrase Structures},
  booktitle = {Proc. of NAACL HLT},
  year      = {2015},
  url       = {https://aclweb.org/anthology/N15-1080}
}
@inproceedings{Schwartz:12,
  author = {Schwartz, Roy  and  Abend, Omri  and  Rappoport, Ari},
  title = {Learnability-based Syntactic Annotation Design},
  booktitle = {Proc. of COLING},
  year = {2012},
  pages     = {2405--2422},
  url       = {http://aclweb.org/anthology/C12-1147}
}
@article{schneider2014discriminative,
  title={Discriminative lexical semantic segmentation with gaps: running the {MWE} gamut},
  author={Schneider, Nathan and Danchik, Emily and Dyer, Chris and Smith, Noah A},
  journal={TACL},
  volume={2},
  pages={193--206},
  year={2014},
  url={http://aclweb.org/anthology/Q14-1016.pdf}
}
@techreport{goldberg2011learning,
  title={Learning sparser perceptron models},
  author={Goldberg, Yoav and Elhadad, Michael},
  year={2011},
  url={http://www.cs.bgu.ac.il/{\textasciitilde}yoavg/publications}
}
@inproceedings{Baker:98,
  Title={The {B}erkeley {F}rame{N}et Project},
  Author={Baker, Collin F. and Fillmore, Charles J. and Lowe, John B.},
  Booktitle={ACL-COLING '98},
  Year={1998},
  url={http://aclweb.org/anthology/C98-1013}
}
@book{Ruppenhofer:16,
Title={FrameNet II: Extended Theory and Practice},
Author={Josef Ruppenhofer and Michael Ellsworth and Miriam R. L Petruck and Christopher R. Johnson and Collin F. Baker and Jan Scheffczyk},
Year={2016},
url={https://framenet.icsi.berkeley.edu/fndrupal/the_book}
}


@Article{Palmer:05,
  author = 	"Palmer, Martha
    and Gildea, Daniel
    and Kingsbury, Paul",
  title = 	"The Proposition Bank: An Annotated Corpus of Semantic Roles",
  journal = 	"Computational Linguistics",
  year = 	"2005",
  volume = 	"31",
  number = 	"1",
  url = 	"http://www.aclweb.org/anthology/J05-1004"
}
@inproceedings{Palmer:10,
  Title={Evaluating FrameNet-style Semantic Parsing: The Role Of Coverage Gaps In FrameNet},
  Author={Palmer, A. And Sporleder, C.},
  Booktitle={COLING '10},
  Year={2010},
}
@article{roth2015inducing,
  author = {Michael Roth and Anette Frank},
  title = {{Inducing Implicit Arguments from Comparable Texts: A Framework and its Applications}},
  journal = {Computational Linguistics},
  volume = {41},
  year = {2015},
  pages = {625--664}
}
@inproceedings{Maier:Lichte:11,
  author = {Maier, Wolfgang and Lichte, Timm},
  title = {Characterizing Discontinuity in Constituent Treebanks},
  booktitle = {Proc. of Formal Grammar},
  year = {2009},
  number = {5591},
  series = {Lecture Notes in Artificial Intelligence},
  pages = {167--182},
  address = {Bordeaux, France},
  publisher = {Springer}
}
@InProceedings{zhang2009transition,
  author    = {Zhang, Yue  and  Clark, Stephen},
  title     = {Transition-Based Parsing of the {C}hinese Treebank using
    a Global Discriminative Model},
  booktitle = {Proc. of IWPT},
  month     = {October},
  year      = {2009},
  pages     = {162--171},
  url       = {http://aclweb.org/anthology/W09-3825}
}
@inproceedings{goldberg2012dynamic,
  title={A Dynamic Oracle for Arc-Eager Dependency Parsing},
  author={Goldberg, Yoav and Nivre, Joakim},
  booktitle={Proc. of COLING},
  pages={959--976},
  year={2012},
  url={http://aclweb.org/anthology/C12-1059}
}
@InProceedings{liu2015toward,
  author    = {Liu, Fei  and  Flanigan, Jeffrey  and  Thomson, Sam  and  Sadeh, Norman  and  Smith, Noah A.},
  title     = {Toward Abstractive Summarization Using Semantic Representations},
  booktitle = {Proc. of NAACL},
  year      = {2015},
  pages     = {1077--1086},
  url       = {http://aclweb.org/anthology/N15-1114}
}
@InProceedings{ambati2015incremental,
  author    = {Ambati, Bharat Ram  and  Deoskar, Tejaswini  and  Johnson, Mark  and  Steedman, Mark},
  title     = {An Incremental Algorithm for Transition-based {CCG} Parsing},
  booktitle = {Proc. of NAACL},
  year      = {2015},
  pages     = {53--63},
  url       = {http://aclweb.org/anthology/N15-1006}
}
@InProceedings{pust2015parsing,
  author    = {Pust, Michael  and  Hermjakob, Ulf  and  Knight, Kevin  and  Marcu, Daniel  and  May, Jonathan},
  title     = {Parsing {E}nglish into {A}bstract {M}eaning {R}epresentation Using Syntax-Based Machine Translation},
  booktitle = {Proc. of EMNLP},
  year      = {2015},
  pages     = {1143--1154},
  url       = {http://aclweb.org/anthology/D15-1136}
}
@InProceedings{vanderwende2015amr,
  author    = {Vanderwende, Lucy  and  Menezes, Arul  and  Quirk, Chris},
  title     = {An {AMR} parser for {E}nglish, {F}rench, {G}erman, {S}panish and {J}apanese and a new {AMR}-annotated corpus},
  booktitle = {Proc. of NAACL},
  year      = {2015},
  pages     = {26--30},
  url       = {http://aclweb.org/anthology/N15-3006}
}
@inproceedings{cai2011language,
  title={Language-independent parsing with empty elements},
  author={Cai, Shu and Chiang, David and Goldberg, Yoav},
  booktitle={Proc. of ACL},
  pages={212--216},
  year={2011},
}
@inproceedings{wang2015transition,
  title={A transition-based algorithm for {AMR} parsing},
  author={Wang, Chuan and Xue, Nianwen and Pradhan, Sameer},
  year={2015},
  booktitle={Proc. of NAACL},
  pages     = {366--375},
  url = {http://aclweb.org/anthology/N15-1040}
}
@article{nivre2007maltparser,
  title={{M}alt{P}arser: A language-independent system for data-driven dependency parsing},
  author={Nivre, Joakim and Hall, Johan and Nilsson, Jens and Chanev, Atanas and Eryigit, G{\"u}lsen and K{\"u}bler, Sandra and Marinov, Svetoslav and Marsi, Erwin},
  journal={Natural Language Engineering},
  volume={13},
  number={02},
  pages={95--135},
  year={2007},
  publisher={Cambridge Univ Press}
}
@book{Dixon:basic,
  key={1},
  Volumes={3},
  Title={Basic Linguistic Theory},
  Author={Dixon, Robert M. W.},
  Year={2010/2012},
  Publisher={Oxford University Press}
}
@book{Dixon:10a,
  key={1},
  Volume={1},
  Title={Basic Linguistic Theory: Methodology},
  Author={Dixon, Robert M. W.},
  Year={2010},
  Publisher={Oxford University Press}
}
@book{Dixon:10b,
  key={2},
  Volume={2},
  Title={Basic Linguistic Theory: Grammatical Topics},
  Author={Dixon, Robert M. W.},
  Year={2010},
  Publisher={Oxford University Press}
}
@book{Dixon:12,
  Title={Basic Linguistic Theory: Further Grammatical Topics},
  Author={Dixon, Robert M. W.},
  Volume={3},
  Year={2012},
  Publisher={Oxford University Press}
}
@InProceedings{maier2015discontinuous,
  author    = {Maier, Wolfgang},
  title     = {Discontinuous Incremental Shift-reduce Parsing},
  booktitle = {Proc. of ACL},
  month     = {July},
  year      = {2015},
  pages     = {1202--1212},
  url       = {http://aclweb.org/anthology/P15-1116}
}
@inproceedings{dyer2015transition,
  author={Chris Dyer and Miguel Ballesteros and Wang Ling and Austin Matthews and Noah A. Smith},
  title={Transition-based Dependeny Parsing with Stack Long Short-Term Memory},
  booktitle={Proc. of ACL},
  year = {2015},
  pages     = {334--343},
  url={http://aclweb.org/anthology/P15-1033}
}
@InProceedings{ballesteros2015improved,
  author    = {Ballesteros, Miguel  and  Dyer, Chris  and  Smith, Noah A.},
  title     = {Improved Transition-based Parsing by Modeling Characters instead of Words with {LSTM}s},
  booktitle = {Proc. of EMNLP},
  year      = {2015},
  pages     = {349--359},
}
@inproceedings{sulem2015conceptual,
  title={Conceptual Annotations Preserve Structure across Translations: A {F}rench-{E}nglish Case Study},
  author={Sulem, Elior and Abend, Omri and Rappoport, Ari},
  year={2015},
  booktitle={Proc. of S2MT},
  pages = {11-22},
  url = {http://aclweb.org/anthology/W15-3502}
}
@INPROCEEDINGS{Nivre03anefficient,
  author = {Joakim Nivre},
  title = {An Efficient Algorithm for Projective Dependency Parsing},
  booktitle = {Proc. of IWPT},
  year = {2003},
  pages = {149--160},
  url={http://aclweb.org/anthology/W06-2933}
}
@InProceedings{nivre2004incrementality,
  author    = {Nivre, Joakim},
  title     = {Incrementality in Deterministic Dependency Parsing},
  booktitle = {Proc. of ACL Workshop Incremental Parsing: Bringing Engineering and Cognition Together},
  editor    = {Frank Keller and Stephen Clark and Matthew Crocker and Mark Steedman},
  year      = 2004,
  month     = {July},
  pages     = {50--57},
  url       = {http://aclweb.org/anthology/W04-0308}
}
@InProceedings{nivre2009non,
  author    = {Nivre, Joakim},
  title     = {Non-Projective Dependency Parsing in Expected Linear Time},
  booktitle = {Proc. of ACL},
  year      = {2009},
  pages     = {351--359},
  url       = {http://aclweb.org/anthology/P09-1040}
}
@InProceedings{abend2013universal,
  author    = {Abend, Omri  and  Rappoport, Ari},
  title     = {{U}niversal {C}onceptual {C}ognitive {A}nnotation ({UCCA})},
  booktitle = {Proc. of ACL},
  month     = {August},
  year      = {2013},
  pages     = {228--238},
  url       = {http://aclweb.org/anthology/P13-1023}
}
@InProceedings{zhu2013fast,
  title     = {Fast and Accurate Shift-Reduce Constituent Parsing},
  author    = {Zhu, Muhua and Zhang, Yue and Chen, Wenliang and Zhang, Min and Zhu, Jingbo},
  booktitle = {Proc. of ACL},
  year      = {2013},
  pages     = {434--443},
  url       = {http://aclweb.org/anthology/P13-1043}
}
@InProceedings{flanigan2014discriminative,
  author    = {Flanigan, Jeffrey  and  Thomson, Sam  and  Carbonell, Jaime  and  Dyer, Chris  and  Smith, Noah A.},
  title     = {A Discriminative Graph-Based Parser for the {A}bstract {M}eaning {R}epresentation},
  booktitle = {Proc. of ACL},
  year      = {2014},
  pages     = {1426--1436},
  url={http://aclweb.org/anthology/P14-1134}
}
@InProceedings{artzi2015broad,
  author    = {Artzi, Yoav  and  Lee, Kenton  and  Zettlemoyer, Luke},
  title     = {Broad-coverage {CCG} Semantic Parsing with {AMR}},
  booktitle = {Proc. of EMNLP},
  month     = {September},
  year      = {2015},
  pages     = {1699--1710},
  url       = {http://aclweb.org/anthology/D15-1198}
}
@inproceedings{bos2005towards,
  title={Towards wide-coverage semantic interpretation},
  author={Bos, Johan},
  booktitle={Proc. of IWCS},
  volume={6},
  pages={42--53},
  year={2005},
  url={http://www.let.rug.nl/bos/pubs/Bos2005IWCS.pdf}
}
@inproceedings{banarescu2013abstract,
  title={{A}bstract {M}eaning {R}epresentation for sembanking},
  author={Banarescu, Laura and Bonial, Claire and Cai, Shu and Georgescu, Madalina and Griffitt, Kira and Hermjakob, Ulf and Knight, Kevin and Palmer, Martha and Schneider, Nathan},
  booktitle={Proc. of the Linguistic Annotation Workshop},
  year={2013},
  url={http://aclweb.org/anthology/W13-2322}
}
@inproceedings{sagae2008shift,
  title={Shift-reduce dependency {DAG} parsing},
  author={Sagae, Kenji and Tsujii, Jun'ichi},
  booktitle={Proc. of COLING},
  pages={753--760},
  year={2008},
  url={http://aclweb.org/anthology/C08-1095}
}
@InProceedings{tokgoz2015transition,
  author    = {Tokg{\"o}z, Alper and Eryi\u{g}it, G{\"u}lsen},
  title     = {Transition-based Dependency {DAG} Parsing Using Dynamic Oracles},
  booktitle = {Proc. of ACL Student Research Workshop},
  year      = {2015},
  pages     = {22--27},
  url       = {http://aclweb.org/anthology/P15-3004}
}
@InProceedings{oepen2014semeval,
  author    = {Oepen, Stephan and Kuhlmann, Marco and Miyao, Yusuke and Zeman, Daniel and Flickinger, Dan and Haji\v{c}, Jan and Ivanova, Angelina and Zhang, Yi},
  title     = {{S}em{E}val 2014 Task 8: Broad-coverage semantic dependency parsing},
  booktitle = {Proc. of SemEval},
  year      = {2014},
  pages     = {63--72},
  url       = {http://aclweb.org/anthology/S14-2008}
}
@InProceedings{oepen2015semeval,
  author    = {Oepen, Stephan and Kuhlmann, Marco and Miyao, Yusuke and Zeman, Daniel and Cinkov{\'a}, Silvie and Flickinger, Dan and Haji\v{c}, Jan and Ure\v{s}ov{\'a}, Zde\v{n}ka},
  title     = {{S}em{E}val 2015 Task 18: Broad-Coverage Semantic Dependency Parsing},
  booktitle = {Proc. of SemEval},
  year      = {2015},
  pages     = {915--926},
  url       = {http://aclweb.org/anthology/S15-2153}
}
@
@inproceedings{Coll:97,
  year="1997",
  author="Collins, Michael",
  title="Three Generative Lexicalized Models for
    Statistical Parsing",
  booktitle="Proc. of ACL",
  pages="16--23",
  address="Madrid",
}
@inproceedings{sulem2018simple,
        author = {Sulem, Elior and Abend, Omri and Rappoport, Ari},
        title = {Simple and Effective Text Simplification using Semantic and Neural Methods},
        booktitle = {Proc. of ACL},
        year = {2018},
        url={http://aclweb.org/anthology/P18-1016}
}

@inproceedings{sulem2018samsa,
        author = {Sulem, Elior and Abend, Omri and Rappoport, Ari},
        title = {Semantic structural annotation for text simplification},
        booktitle = {Proc. of NAACL},
        year = {2018},
        url={http://aclweb.org/anthology/N18-1063}
        }

@inproceedings{Coll:04,
  title={Incremental Parsing with the Perceptron Algorithm},
  author={Collins, Michael and Roark, Brian},
  booktitle={Proc. of ACL},
  pages={111-118},
  year={2004},
  url={http://aclweb.org/anthology/P04-1015}
}
book{Emon:76,
  year="1976",
  author="Emonds, Joseph",
  title="A Transformational Approach to {E}nglish Syntax",
  publisher="Academic Press",
  address="New York",
}
@inproceedings{choshen2018conservatism,
        author = {Choshen, Leshem and Abend, Omri}, 
        title = {Inherent Biases in Reference-based Evaluation for Grammatical Error Correction and Text Simplification}, 
        booktitle = {Proc. of ACL},
        year={2018}
}
@inproceedings{choshen2018usim,
        author = {Choshen, Leshem and Abend, Omri}, 
        title = {Reference-less Measure of Faithfulness for Grammatical Error Correction}, 
        booktitle = {Proc. of NAACL-HLT}, 
        year={2018},
        url={http://aclweb.org/anthology/N18-2020}
        }

@inproceedings{choshen2018maege,
        author = {Choshen, Leshem and Abend, Omri}, 
        title = {Automatic Metric Validation for Grammatical Error Correction}, 
        booktitle = {Proc. of ACL},
        year={2018}
}

Article{Ferr:03,
  author = 	 {Ferreira, Fernanda},
  title = 	 {The Misinterpretation of Noncanonical Sentences},
  journal = 	 {Cognitive Psychology},
  year = 	 {2003},
  volume = 	 {47},
  pages = 	 {164-203},
}
@InCollection{Flic:00,
  author = 	 {Flickinger, Daniel},
  title = 	 {On Building a More Efficient Grammar by Exploiting Types},
  booktitle = 	 {Collaborative Language Engineering},
  publisher = {CLSI},
  year = 	 {2000},
  pages={15-28},
  volume={6},
  address = 	 {Stanford,~CA},
}
@inproceedings{Ivanova2012who,
  author    = {Ivanova, Angelina and  Oepen, Stephan
    and {\O}vrelid, Lilja  and  Flickinger, Dan},
  title     = {Who Did What to Whom?
    {A} Contrastive Study of Syntacto-Semantic Dependencies},
  booktitle = {Proc. of LAW},
  year      = 2012,
  pages     = {2--11},
  url={http://aclweb.org/anthology/W12-3602}
}
@InCollection{Joshi:97,
  title={{T}ree-{A}djoining {G}rammars},
  author={Joshi, Aravind and Schabes, Yves},
  booktitle={Handbook of Formal Languages},
  editor = {Rozenberg, Grzegorz and Salomaa, Arto},
  volume = {3},
  pages={69-124},
  year={1997},
  publisher = {Springer},
  address = {Berlin},
}
`
@article{mikolov2013efficient,
  title={Efficient Estimation of Word Representations in Vector Space},
  author={Mikolov, Tomas and Chen, Kai and Corrado, Greg and Dean, Jeffrey},
  journal = {CoRR},
  volume = {abs/1301.3781},
  year={2013},
  url={https://arxiv.org/pdf/1301.3781}
}
@Book{Nivr:06,
  author = 	 {Nivre, Joakim},
  title = 	 {Inductive Dependency Parsing},
  publisher = 	 {Springer},
  year = 	 {2006},
  address = 	 {Dordrecht},
}
@book{PandS:94,
  year="1994",
  author="Pollard, Carl and Ivan Sag",
  title="Head Driven Phrase Structure
    Grammar",
  publisher="CSLI Publications",
  address="Stanford,~CA",
}
@inproceedings{sagae2005classifier,
  title={A classifier-based parser with linear run-time complexity},
  author={Sagae, Kenji and Lavie, Alon},
  booktitle={Proc. of IWPT},
  month     = {October},
  year      = {2005},
  pages     = {125--132},
  url       = {http://aclweb.org/anthology/W05-1513}
}
@article{Shi:00     ,
  title={Topic and Topic-Comment Constructions in {M}andarin {C}hinese},
  author={Shi, Dingxu},
  journal={Language},
  pages={383-408},
  year={2000},
}
@book{Steedman:00,
  year="2000",
  author="Steedman, Mark",
  title="The Syntactic Process",
  publisher="MIT Press",
  address="Cambridge, MA",
}
@Book{Tesn:59,
  author = 	 {Tesni\'{e}re, Lucien},
  title = 	 {Elements de syntaxe structuralle},
  publisher = 	 {Klincksieck},
  year = 	 {1959},
  key = 	 {dependency grammar},
  address = 	 {Paris},
  edition = 	 {2},
}
InCollection{ThompsonSchill:13,
  author = 	 {Thompson-Schill, Sharon and Hagoort, Peter and
    Ford Dominey, Peter and Honing, Henkjan and Koelsch,
    Stefan and Ladd, D. Robert and Lerdahl, Fred and
      Levinson, Stephen and Steedman, Mark},
  title = 	 {Multiple Levels of Structure in Language and Music},
  booktitle = 	 {Language, Music, and the Brain: A Mysterious Relationship},
  pages = 	 {225-239},
  publisher = {MIT Press},
  year = 	 {2013},
  editor = 	 {Arbib, Michael},
  address = 	 {Cambridge, MA},
}


@inproceedings{schneider-15,
	address = {Denver, Colorado},
	title = {A corpus and model integrating multiword expressions and supersenses},
	booktitle = {Proc. of {NAACL-HLT}},
	author = {Schneider, Nathan and Smith, Noah A.},
	month = jun,
	year = {2015},
	pages = {1537--1547},
  url={http://aclweb.org/anthology/N15-1177}
}

@inproceedings{walsh-18,
	address = {Santa Fe, New Mexico, {USA}},
	title = {Constructing an annotated corpus of verbal {MWEs} for {E}nglish},
	booktitle = {Proc. of {LAW-MWE-CxG-2018}},
	author = {Walsh, Abigail and Bonial, Claire and Geeraert, Kristina and {McCrae}, John P. and Schneider, Nathan and Somers, Clarissa},
	year = {2018},
	pages = {193--200},
  url={http://aclweb.org/anthology/W18-4921}
}

@inproceedings{schneider-18,
	address = {Melbourne, Australia},
	title = {Comprehensive supersense disambiguation of {E}nglish prepositions and possessives},
	booktitle = {Proc. of {ACL}},
	author = {Schneider, Nathan and Hwang, Jena D. and Srikumar, Vivek and Prange, Jakob and Blodgett, Austin and Moeller, Sarah R. and Stern, Aviram and Bitan, Adi and Abend, Omri},
	month = jul,
	year = {2018},
	pages = {185--196},
  url={http://aclweb.org/anthology/P18-1018}
}

@misc{guidelines,
    author = {{UCCA Guidelines}},
    title = {{UCCA}'s Foundational Layer: Annotation Guidelines v2},
    url = {https://github.com/UniversalConceptualCognitiveAnnotation/docs/blob/master/guidelines.pdf}, 
    year = {2018}, 
    note = {November 24. \url{https://github.com/UniversalConceptualCognitiveAnnotation/docs/blob/master/guidelines.pdf}}
}

@inproceedings{tsvetkov-14,
	address = {Reykjav\'{i}k, Iceland},
	title = {Augmenting {E}nglish adjective senses with supersenses},
	booktitle = {Proc. of {LREC}},
	author = {Tsvetkov, Yulia and Schneider, Nathan and Hovy, Dirk and Bhatia, Archna and Faruqui, Manaal and Dyer, Chris},
	editor = {Calzolari, Nicoletta and Choukri, Khalid and Declerck, Thierry and Loftsson, Hrafn and Maegaard, Bente and Mariani, Joseph and Moreno, Asuncion and Odijk, Jan and Piperidis, Stelios},
	year = {2014},
	pages = {4359--4365},
  url={http://aclweb.org/anthology/L14-1073}
}


@inproceedings{picca-08,
	address = {Marrakech, Morocco},
	title = {Supersense {T}agger for {I}talian},
	booktitle = {Proc. of {LREC}},
	author = {Picca, Davide and Gliozzo, Alfio Massimiliano and Ciaramita, Massimiliano},
	editor = {Calzolari, Nicoletta and Choukri, Khalid and Maegaard, Bente and Mariani, Joseph and Odjik, Jan and Piperidis, Stelios and Tapias, Daniel},
	year = {2008},
	pages = {2386--2390},
  url={http://aclweb.org/anthology/L08-1606}
},

@inproceedings{martinez_alonso-15,
	address = {Vilnius, Lithuania},
	title = {Supersense tagging for {D}anish},
	booktitle = {Proc. of {NODALIDA}},
	author = {Mart\'{i}nez Alonso, H\'{e}ctor and Johannsen, Anders and Olsen, Sussi and Nimb, Sanni and Hartvig S{\o}rensen, Nicolai and Braasch, Anna and S{\o}gaard, Anders and Sandford Pedersen, Bolette},
	editor = {Megyesi, Be\'{a}ta},
	year = {2015},
	pages = {21--29},
  url={http://aclweb.org/anthology/W15-1806}
},

@inproceedings{hellwig-17,
	address = {Montpellier, France},
	title = {Coarse semantic classification of rare nouns using cross-lingual data and recurrent neural networks},
	booktitle = {Proc. of {IWCS}},
	author = {Hellwig, Oliver},
	year = {2017},
  url={http://aclweb.org/anthology/W17-6811}
}


@inproceedings{schneider-13,
	address = {Atlanta, Georgia, {USA}},
	title = {Supersense tagging for {A}rabic: the {MT-in-the-middle} attack},
	booktitle = {Proc. of {NAACL-HLT}},
	author = {Schneider, Nathan and Mohit, Behrang and Dyer, Chris and Oflazer, Kemal and Smith, Noah A.},
	year = {2013},
	pages = {661--667},
  url={http://aclweb.org/anthology/N13-1076}
}

@incollection{qiu-11,
	address = {Berlin},
	series = {Lecture Notes in Computer Science},
	title = {Combining contextual and structural information for supersense tagging of {C}hinese unknown words},
	volume = {6608},
	booktitle = {Computational Linguistics and Intelligent Text Processing: Proceedings of the 12th International Conference ({CICLing'11})},
	publisher = {Springer},
	author = {Qiu, Likun and Wu, Yunfang and Shao, Yanqiu and Gelbukh, Alexander},
	year = {2011},
	pages = {15--28},
  url={https://link.springer.com/chapter/10.1007/978-3-642-19400-9_2}
}


@inproceedings{parseme1.1,
	address = {Santa Fe, New Mexico, {USA}},
	title = {Edition 1.1 of the {PARSEME} {S}hared {T}ask on {A}utomatic {I}dentification of {V}erbal {M}ultiword {E}xpressions},
	booktitle = {Proc. of {LAW-MWE-CxG-2018}},
	author = {Ramisch, Carlos and Cordeiro, Silvio Ricardo and Savary, Agata and Vincze, Veronika and Barbu Mititelu, Verginica and Bhatia, Archna and Buljan, Maja and Candito, Marie and Gantar, Polona and Giouli, Voula and G\"{u}ng\"{o}r, Tunga and Hawwari, Abdelati and I\~{n}urrieta, Uxoa and Kovalevskait\.{e}, Jolanta and Krek, Simon and Lichte, Timm and Liebeskind, Chaya and Monti, Johanna and Parra Escart\'{i}n, Carla and {QasemiZadeh}, Behrang and Ramisch, Renata and Schneider, Nathan and Stoyanova, Ivelina and Vaidya, Ashwini and Walsh, Abigail},
	month = aug,
	year = {2018},
	pages = {222--240},
  url={http://aclweb.org/anthology/W18-4925}
}


@inproceedings{hwang-17,
	address = {Vancouver, Canada},
	title = {Double trouble: the problem of construal in semantic annotation of adpositions},
	booktitle = {Proc. of *{SEM}},
	author = {Hwang, Jena D. and Bhatia, Archna and Han, {Na-Rae} and {O'Gorman}, Tim and Srikumar, Vivek and Schneider, Nathan},
	month = aug,
	year = {2017},
	pages = {178--188},
  url={http://aclweb.org/anthology/S17-1022}
}

@inproceedings{zhu-19,
	address = {New York, {NY}, {USA}},
	title = {Adpositional {S}upersenses for {M}andarin {C}hinese},
	volume = {2},
	booktitle = {Proc. of {SCiL}},
	author = {Zhu, Yilun and Liu, Yang and Peng, Siyao and Blodgett, Austin and Zhao, Yushi and Schneider, Nathan},
	month = jan,
	year = {2019},
	pages = {334--337},
  url={https://scholarworks.umass.edu/scil/vol2/iss1/40}
}

@inproceedings{amrtutorial,
	address = {Denver, Colorado, {USA}},
	title = {The logic of {AMR}: practical, unified, graph-based sentence semantics for {NLP}},
	url = {http://www.aclweb.org/anthology/N15-4003},
	booktitle = {Proc. of the 2015 Conference of the North American Chapter of the Association for Computational Linguistics: Tutorial Abstracts},
	author = {Schneider, Nathan and Flanigan, Jeffrey and {O'Gorman}, Tim},
	month = may,
	year = {2015},
	pages = {4--5}
}

@inproceedings{prange2019semantically,
    title = "Semantically Constrained Multilayer Annotation: The Case of Coreference",
    author = "Prange, Jakob  and
      Schneider, Nathan  and
      Abend, Omri",
    booktitle = "Proceedings of the First International Workshop on Designing Meaning Representations (DMR)",
    month = aug,
    year = "2019",
    address = "Florence, Italy",
    publisher = "Association for Computational Linguistics",
    url = "https://www.aclweb.org/anthology/W19-3319",
    pages = "164--176",
}
@inproceedings{prange2019made,
    title = "Made for Each Other: Broad-coverage Semantic Structures Meet Preposition Supersenses",
    author = "Prange, Jakob  and
      Schneider, Nathan  and
      Abend, Omri",
    booktitle = "Proc. of CoNLL",
    publisher = "To appear.",
    month = nov,
    year = "2019",
    url = "https://arxiv.org/pdf/1909.08796.pdf"
}


@inproceedings{jiang-19,
	address = {Minneapolis, Minnesota, {USA}},
	title = {{HLT}@{SUDA} at {SemEval-2019} {T}ask 1: {UCCA} graph parsing as constituent tree parsing},
	url = {https://www.aclweb.org/anthology/S19-2002},
	booktitle = {Proc. of {SemEval}},
	author = {Jiang, Wei and Li, Zhenghua and Zhang, Yu and Zhang, Min},
	month = jun,
	year = {2019},
	pages = {11--15}
}

@inproceedings{lyu-etal-2019-cuny,
    title = "{CUNY}-{PKU} Parser at {S}em{E}val-2019 Task 1: Cross-Lingual Semantic Parsing with {UCCA}",
    author = "Lyu, Weimin  and
      Huang, Sheng  and
      Khan, Abdul Rafae  and
      Zhang, Shengqiang  and
      Sun, Weiwei  and
      Xu, Jia",
    booktitle = "Proceedings of the 13th International Workshop on Semantic Evaluation",
    month = jun,
    year = "2019",
    address = "Minneapolis, Minnesota, USA",
    publisher = "Association for Computational Linguistics",
    url = "https://www.aclweb.org/anthology/S19-2012",
    doi = "10.18653/v1/S19-2012",
    pages = "92--96",
    abstract = "This paper describes the systems of the CUNY-PKU team in SemEval 2019 Task 1: Cross-lingual Semantic Parsing with UCCA. We introduce a novel model by applying a cascaded MLP and BiLSTM model. Then, we ensemble multiple system-outputs by reparsing. In particular, we introduce a new decoding algorithm for building the UCCA representation. Our system won the first place in one track (French-20K-Open), second places in four tracks (English-Wiki-Open, English-20K-Open, German-20K-Open, and German-20K-Closed), and third place in one track (English-20K-Closed), among all seven tracks.",
}

@inproceedings{zhang2019broad,
  title={Broad-Coverage Semantic Parsing as Transduction},
  author={Zhang, Sheng and Ma, Xutai and Duh, Kevin and Van Durme, Benjamin},
  booktitle = {Proc. of {EMNLP-IJCNLP}},
    publisher = "To appear.",
    month = nov,
    year = "2019",
    url = "https://arxiv.org/pdf/1909.02607.pdf"
}

@inproceedings{bojar-etal-2016-results,
    title = "Results of the {WMT}16 Metrics Shared Task",
    author = "Bojar, Ond{\v{r}}ej  and
      Graham, Yvette  and
      Kamran, Amir  and
      Stanojevi{\'c}, Milo{\v{s}}",
    booktitle = "Proceedings of the First Conference on Machine Translation: Volume 2, Shared Task Papers",
    month = aug,
    year = "2016",
    address = "Berlin, Germany",
    publisher = "Association for Computational Linguistics",
    url = "https://www.aclweb.org/anthology/W16-2302",
    doi = "10.18653/v1/W16-2302",
    pages = "199--231",
}

@inproceedings{marecek-etal-2017-cuni,
    title = "{CUNI} Experiments for {WMT}17 Metrics Task",
    author = {Mare{\v{c}}ek, David  and
      Bojar, Ond{\v{r}}ej  and
      H{\"u}bsch, Ond{\v{r}}ej  and
      Rosa, Rudolf  and
      Vari{\v{s}}, Du{\v{s}}an},
    booktitle = "Proceedings of the Second Conference on Machine Translation",
    month = sep,
    year = "2017",
    address = "Copenhagen, Denmark",
    publisher = "Association for Computational Linguistics",
    url = "https://www.aclweb.org/anthology/W17-4769",
    doi = "10.18653/v1/W17-4769",
    pages = "604--611",
}

@inproceedings{niklaus-etal-2019-transforming,
    title = "Transforming Complex Sentences into a Semantic Hierarchy",
    author = "Niklaus, Christina  and
      Cetto, Matthias  and
      Freitas, Andr{\'e}  and
      Handschuh, Siegfried",
    booktitle = "Proceedings of the 57th Annual Meeting of the Association for Computational Linguistics",
    month = jul,
    year = "2019",
    address = "Florence, Italy",
    publisher = "Association for Computational Linguistics",
    url = "https://www.aclweb.org/anthology/P19-1333",
    doi = "10.18653/v1/P19-1333",
    pages = "3415--3427",
    abstract = "We present an approach for recursively splitting and rephrasing complex English sentences into a novel semantic hierarchy of simplified sentences, with each of them presenting a more regular structure that may facilitate a wide variety of artificial intelligence tasks, such as machine translation (MT) or information extraction (IE). Using a set of hand-crafted transformation rules, input sentences are recursively transformed into a two-layered hierarchical representation in the form of core sentences and accompanying contexts that are linked via rhetorical relations. In this way, the semantic relationship of the decomposed constituents is preserved in the output, maintaining its interpretability for downstream applications. Both a thorough manual analysis and automatic evaluation across three datasets from two different domains demonstrate that the proposed syntactic simplification approach outperforms the state of the art in structural text simplification. Moreover, an extrinsic evaluation shows that when applying our framework as a preprocessing step the performance of state-of-the-art Open IE systems can be improved by up to 346{\%} in precision and 52{\%} in recall. To enable reproducible research, all code is provided online.",
}

@inproceedings{djemaa-etal-2016-corpus,
    title = "Corpus Annotation within the {F}rench {F}rame{N}et: a Domain-by-domain Methodology",
    author = "Djemaa, Marianne  and
      Candito, Marie  and
      Muller, Philippe  and
      Vieu, Laure",
    booktitle = "Proceedings of the Tenth International Conference on Language Resources and Evaluation ({LREC} 2016)",
    month = may,
    year = "2016",
    address = "Portoro{\v{z}}, Slovenia",
    publisher = "European Language Resources Association (ELRA)",
    url = "https://www.aclweb.org/anthology/L16-1601",
    pages = "3794--3801",
    abstract = "This paper reports on the development of a French FrameNet, within the ASFALDA project. While the first phase of the project focused on the development of a French set of frames and corresponding lexicon (Candito et al., 2014), this paper concentrates on the subsequent corpus annotation phase, which focused on four notional domains (commercial transactions, cognitive stances, causality and verbal communication). Given full coverage is not reachable for a relatively {``}new{''} FrameNet project, we advocate that focusing on specific notional domains allowed us to obtain full lexical coverage for the frames of these domains, while partially reflecting word sense ambiguities. Furthermore, as frames and roles were annotated on two French Treebanks (the French Treebank (Abeill{\'e} and Barrier, 2004) and the Sequoia Treebank (Candito and Seddah, 2012), we were able to extract a syntactico-semantic lexicon from the annotated frames. In the resource{'}s current status, there are 98 frames, 662 frame evoking words, 872 senses, and about 13000 annotated frames, with their semantic roles assigned to portions of text. The French FrameNet is freely available at alpage.inria.fr/asfalda.",
}

@article{You2005BuildingCF,
  title={Building {C}hinese {F}rame{N}et database},
  author={Liping You and Kaiying Liu},
  journal={2005 International Conference on Natural Language Processing and Knowledge Engineering},
  year={2005},
  pages={301-306},
  url={https://ieeexplore.ieee.org/document/1598752}
}

@inproceedings{baker-etal-2018-frame,
    title = "Frame Semantics across Languages: Towards a Multilingual {F}rame{N}et",
    author = "Baker, Collin  and
      Ellsworth, Michael  and
      Petruck, Miriam R. L.  and
      Swayamdipta, Swabha",
    booktitle = "Proceedings of the 27th International Conference on Computational Linguistics: Tutorial Abstracts",
    month = aug,
    year = "2018",
    address = "Santa Fe, New Mexico, USA",
    publisher = "Association for Computational Linguistics",
    url = "https://www.aclweb.org/anthology/C18-3003",
    pages = "9--12",
}

@inproceedings{hayoun-elhadad-2016-hebrew,
    title = "The {H}ebrew {F}rame{N}et Project",
    author = "Hayoun, Avi  and
      Elhadad, Michael",
    booktitle = "Proceedings of the Tenth International Conference on Language Resources and Evaluation ({LREC} 2016)",
    month = may,
    year = "2016",
    address = "Portoro{\v{z}}, Slovenia",
    publisher = "European Language Resources Association (ELRA)",
    url = "https://www.aclweb.org/anthology/L16-1688",
    pages = "4341--4347",
    abstract = "We present the Hebrew FrameNet project, describe the development and annotation processes and enumerate the challenges we faced along the way. We have developed semi-automatic tools to help speed the annotation and data collection process. The resource currently covers 167 frames, 3,000 lexical units and about 500 fully annotated sentences. We have started training and testing automatic SRL tools on the seed data.",
}

@inproceedings{ohara2003japanese,
  title={The {J}apanese {F}rame{N}et project: A preliminary report},
  author={Ohara, Kyoko Hirose and Fujii, Seiko and Saito, Hiroaki and Ishizaki, Shun and Ohori, Toshio and Suzuki, Ryoko},
  booktitle={Proceedings of pacific association for computational linguistics},
  pages={249--254},
  year={2003},
  organization={Citeseer}
}

@inproceedings{park2014frame,
  title={Frame-Semantic Web: a Case Study for {K}orean.},
  author={Park, Jungyeul and Nam, Sejin and Kim, Youngsik and Hahm, Younggyun and Hwang, Dosam and Choi, Key-Sun},
  booktitle={International Semantic Web Conference (Posters \& Demos)},
  pages={257--260},
  year={2014}
}

@article{borin20132,
  title={2) Close Encounters of the fifth kind: Some linguistic and computational aspects of the {S}wedish {F}rame{N}et++ project},
  author={Borin, Lars and Forsberg, Markus and Lyngfelt, Benjamin},
  journal={Veredas-Revista de Estudos Lingu{\'\i}sticos},
  volume={17},
  number={1-},
  year={2013}
}

@inproceedings{li-etal-2016-annotating,
    title = "Annotating the Little Prince with {C}hinese {AMR}s",
    author = "Li, Bin  and
      Wen, Yuan  and
      Qu, Weiguang  and
      Bu, Lijun  and
      Xue, Nianwen",
    booktitle = "Proceedings of the 10th Linguistic Annotation Workshop held in conjunction with {ACL} 2016 ({LAW}-X 2016)",
    month = aug,
    year = "2016",
    address = "Berlin, Germany",
    publisher = "Association for Computational Linguistics",
    url = "https://www.aclweb.org/anthology/W16-1702",
    doi = "10.18653/v1/W16-1702",
    pages = "7--15",
}

@inproceedings{shalev-etal-2019-preparing,
    title = "Preparing {SNACS} for Subjects and Objects",
    author = "Shalev, Adi  and
      Hwang, Jena D.  and
      Schneider, Nathan  and
      Srikumar, Vivek  and
      Abend, Omri  and
      Rappoport, Ari",
    booktitle = "Proceedings of the First International Workshop on Designing Meaning Representations",
    month = aug,
    year = "2019",
    address = "Florence, Italy",
    publisher = "Association for Computational Linguistics",
    url = "https://www.aclweb.org/anthology/W19-3316",
    doi = "10.18653/v1/W19-3316",
    pages = "141--147",
    abstract = "Research on adpositions and possessives in multiple languages has led to a small inventory of general-purpose meaning classes that disambiguate tokens. Importantly, that work has argued for a principled separation of the semantic role in a scene from the function coded by morphosyntax. Here, we ask whether this approach can be generalized beyond adpositions and possessives to cover all scene participants{---}including subjects and objects{---}directly, without reference to a frame lexicon. We present new guidelines for English and the results of an interannotator agreement study.",
}